4122 5792
1112 172 1152 236 19

1022 263 1234 272 -.—-—.-

322 419 326 426 ·
433 384 498 452 599
521 385 658 469 πύρεστι·
676 385 799 470 δ’ἔργον
824 384 867 461 ὡς
890 386 966 460 ἔπος

524 473 657 538 σπεῦσαί
669 496 705 537 τι
728 483 789 538 τῶν
813 473 938 560 βούλιος
952 473 1048 564 Διρὲρει
1067 473 1166 558 Ᾰρρήν.

433 581 558 668 βούλιος
585 580 706 645 Aurati
736 579 928 656 emendatio
955 578 999 644 ab
1029 579 1185 645 omnibus
1215 586 1354 666 accepta
1382 601 1442 665 pro
1472 581 1604 655 δούλιος.
1645 579 1710 643 Sed
1738 585 1850 656 catera
1877 580 1978 646 etiarn

273 670 436 752 laborant,
465 667 545 757 quia
571 669 780 756 probabilem
810 669 1095 735 constructionem
1124 687 1192 734 non
1215 668 1411 735 admittunt.
1447 668 1534 733 Nam
1559 667 1634 753 quis
1657 667 1745 733 ferat
1772 667 1980 735 infinitivum

273 759 369 823 illum
390 758 527 824 finalem
550 759 688 840 (Kruse:
716 759 849 824 deinem
865 759 985 824 Worte
1000 757 1090 844 folgt
1105 757 1160 822 die
1175 758 1241 822 nat
1264 758 1342 823 und
1367 764 1477 822 setzt
1498 756 1562 822 in’s
1581 756 1686 822 Werk
1702 756 1811 822 seines
1827 758 1979 824 Heraens

273 847 476 935 Ratschlull)
499 848 536 913 in
557 849 649 913 hunc
668 848 826 913 modum:
852 848 995 912 Factum
1017 848 1123 927 adest,
1148 854 1187 913 ut
1209 868 1277 912 vox
1300 846 1458 930 (emissa),
1483 846 1526 911 ad
1550 866 1691 933 propere
1708 845 1834 932 aliquid
1852 869 1977 932 eorum,

274 959 361 1023 quae
375 959 469 1004 mens
485 937 675 1003 deliberans
691 936 768 1020 fert,
789 936 1027 1004 efficiendum?
1059 936 1125 1001 Sed
1137 935 1340 1001 Weckleinii
1356 934 1547 1001 emendatio
1564 943 1760 1020 suspectum
1774 933 1978 1003 vocabulum

273 1038 407 1092 σπεῦσαι
430 1025 466 1091 in
491 1038 612 1092 στεῦται
634 1025 797 1092 mutantis
819 1025 903 1091 mihi
926 1025 1064 1091 minime
1081 1024 1215 1091 arridet.
1253 1025 1338 1091 Vult
1354 1024 1490 1110 quidem
1509 1025 1575 1091 hoc
1589 1024 1716 1092 valere:
1741 1047 1785 1090 zu
1808 1025 1979 1092 erkennen

271 1114 348 1201 gibt
371 1115 433 1200 (als
449 1116 613 1201 gewollt).
649 1115 717 1182 Sed
734 1127 855 1182 στεῦται
873 1115 1074 1182 vocabulum
1098 1115 1147 1180 rei
1171 1113 1317 1202 speciem
1333 1113 1471 1179 veritati
1494 1113 1636 1202 opponit
1659 1113 1867 1200 significans:
1893 1115 1977 1181 dicis

272 1226 373 1270 causa
397 1212 432 1271 et
454 1227 515 1292 per
538 1205 787 1271 simulationem
811 1204 867 1270 vel
891 1204 992 1270 etiam
1010 1212 1136 1270 temere
1152 1204 1280 1289 aliquid
1304 1204 1413 1286 edere,
1437 1205 1634 1290 promittere
1658 1213 1760 1290 atque
1783 1203 1912 1270 accedit
1934 1205 1977 1270 ad

271 1299 439 1360 nostrum:
477 1294 550 1359 sich
584 1295 714 1376 stellen,
750 1316 812 1358 nec
846 1293 946 1359 facile
968 1293 1034 1359 nisi
1062 1316 1137 1358 oum
1162 1292 1332 1358 infinitivo
1362 1301 1423 1358 aut
1451 1292 1631 1379 participio
1661 1292 1733 1359 sive
1762 1293 1873 1381 posito
1905 1293 1976 1372 sive

239 1442 245 1456 ‚
274 1382 464 1470 supplendo
481 1381 670 1452 adhibetur.
695 1384 770 1468 Ego
787 1385 917 1468 θρεῦται
933 1389 1075 1451 tentavi.
1111 1384 1249 1469 θρεῦμαι
1262 1382 1426 1468 (θρέομαι)
1439 1381 1572 1467 saepius
1590 1382 1674 1462 apud
1693 1382 1901 1469 Aeschylum
1920 1385 1975 1468 (cf.

271 1489 374 1559 supra
395 1477 471 1557 111.)
495 1471 668 1539 invenitur
690 1473 846 1558 idemque
871 1480 922 1537 est
946 1472 1036 1558 quod
1060 1493 1196 1560 crepare
1221 1472 1276 1554 (ab
1300 1472 1418 1537 eadem
1441 1471 1553 1537 radice
1576 1493 1643 1558 qua
1666 1472 1790 1557 θρόος),
1817 1480 1977 1557 ,ertonen

272 1561 415 1646 lassen“,
440 1569 480 1627 ut
501 1563 672 1628 sententia
687 1562 740 1638 sit,
764 1561 824 1628 ubi
839 1582 905 1627 vox
922 1561 994 1647 ejus
1012 1570 1127 1648 crepat
1150 1562 1172 1627 i.
1189 1584 1215 1628 e.
1240 1562 1381 1649 profert,
1406 1561 1564 1644 declarat,
1589 1560 1715 1646 aliquid
1740 1582 1866 1646 eorum,
1891 1584 1977 1648 quae

272 1671 365 1716 mena
389 1651 500 1718 volvit
524 1652 696 1737 (molitur).
738 1651 858 1717 Potest
880 1653 956 1728 ἔπος
979 1651 1082 1716 etiam
1106 1651 1321 1718 accusativus
1345 1650 1479 1736 objecto
1502 1673 1528 1714 τι
1553 1649 1728 1736 appositus
1758 1657 1793 1716 et
1815 1649 1977 1738 Juppiter

274 1738 466 1825 subjectum
494 1740 621 1824 haberi,
657 1741 746 1827 qnod
777 1739 896 1806 dubito
920 1763 964 1806 an
994 1739 1195 1824 praeferam:
1232 1739 1292 1805 ubi
1315 1739 1461 1827 primurn
1484 1739 1640 1826 luppiter
1664 1739 1806 1805 verbum
1830 1739 1974 1829 effingit,

272 1829 396 1912 reddit,
420 1830 569 1917 proprie:
600 1852 718 1896 sonare
747 1830 838 1908 facit,
871 1830 920 1894 als
944 1829 1044 1896 Wort
1067 1829 1252 1896 erschallen
1275 1829 1356 1894 l‘allt.
1398 1829 1486 1894 Nam
1511 1827 1574 1894 etsi
1598 1828 1738 1914 θρέομαι
1759 1828 1975 1918 potissimum

270 1915 306 1982 in
329 1917 423 1984 luctu
447 1919 489 1985 de
517 1918 808 1986 commiseratione
831 1925 1015 2005 usurpatur
1038 1918 1283 2004 lamentarique
1307 1925 1415 1995 sonat,
1439 1918 1504 1983 hoc
1527 1939 1596 1982 non
1622 1919 1811 1984 necessario
1839 1919 1912 1984 fieri
1942 1927 1976 1984 et

269 2008 477 2095 etymologia
511 2018 546 2074 et
580 2007 757 2096 exemplis,
794 2008 888 2074 velut
923 2007 1074 2095 Ghoeph.
1104 2008 1169 2076 970
1197 2011 1293 2095 τύχα
1319 2009 1523 2093 εύπρόςιοπος
1551 2017 1643 2092 φοιτᾷ
1674 2009 1748 2072 ἰδεῖν
1780 2009 1976 2095 θρευμένους

273 2097 429 2180 ςμέτοιιιοι
453 2111 621 2164 πεσοῦνται
644 2099 771 2165 πάλιν“;
797 2096 895 2164 hilari
910 2098 1006 2164 vultu
1022 2098 1159 2166 fortuna
1175 2099 1348 2176 adventat,
1373 2103 1411 2162 ut
1430 2105 1606 2162 cantantes
1627 2117 1689 2162 nos
1709 2096 1851 2163 sentiat:
1873 2105 1976 2164 ruent

270 2185 380 2254 denuo
403 2187 570 2274 inquilini,
595 2188 767 2273 probatur.

428 2313 502 2379 601.
529 2313 566 2379 Si
589 2335 666 2378 cum
690 2313 885 2378 Hermanno
914 2312 1202 2399 interpungimus:
1239 2313 1400 2398 θαρσεῖτε,
1429 2311 1553 2387 παῖδες·
1579 2314 1614 2375 εύ
1642 2314 1682 2374 τοὶ
1710 2321 1770 2376 τῶν
1800 2311 1972 2400 ἐγχωρίων.

267 2399 353 2465 nihil
376 2402 480 2468 verba
503 2401 632 2468 habent
647 2401 817 2468 contorti:
854 2401 1033 2485 Confidite,
1069 2401 1168 2479 filiae,
1205 2401 1289 2468 bene
1318 2423 1353 2466 se
1380 2399 1509 2474 habent
1532 2399 1658 2465 civium
1681 2399 1834 2481 consilia;
1869 2423 1973 2486 quan-

268 2511 370 2575 quam
394 2491 507 2570 etiam,
532 2504 569 2558 ut
592 2490 649 2556 alii
672 2492 803 2574 volunt,
829 2492 981 2576 θαρσεῖτε
1003 2495 1043 2556 τὰ
1065 2501 1126 2557 τῶν
1151 2491 1330 2578 ἑγχωρίιοντ
1355 2511 1491 2555 securae
1515 2496 1587 2554 este
1611 2489 1652 2552 de
1676 2488 1824 2555 consiliis
1848 2489 1973 2570 civium

268 2581 419 2646 construi
446 2586 570 2667 potest.
610 2582 675 2646 Sed
705 2580 906 2646 insolentius
934 2582 1024 2666 quod
1054 2579 1206 2666 sequitur
1234 2581 1318 2646 mihi
1348 2579 1472 2645 dictum
1506 2578 1657 2644 videtur:
1694 2579 1798 2663 δήμου
1827 2578 1973 2670 δέδοκται

267 2671 404 2754 παντελῆ
431 2671 632 2756 ψηφίσματα.
667 2671 772 2756 δήμου
806 2670 1021 2756 genetivum,
1057 2680 1097 2734 ut
1131 2670 1261 2738 facilior
1295 2669 1419 2736 evadat
1453 2674 1632 2750 structura,
1668 2667 1774 2748 possis
1809 2667 1845 2732 in
1880 2669 1971 2755 δήμῳ

269 2757 424 2824 dativum
447 2767 589 2827 mutare.
628 2759 695 2826 Sed
718 2760 782 2824 hoc
805 2780 874 2824 non
902 2758 952 2824 ita
974 2759 1118 2825 multum
1141 2759 1242 2826 valet.
1282 2758 1393 2843 Magis
1416 2757 1565 2824 notabile
1580 2756 1709 2841 figurae
1726 2757 1972 2844 etymologicon

265 2847 330 2918 hoc
353 2849 556 2934 exemplum,
588 2850 677 2935 quod
703 2848 745 2914 ab
770 2847 844 2914 aliis
868 2847 1116 2934 aliquantulum
1140 2848 1264 2926 differt,
1296 2869 1365 2914 non
1383 2846 1473 2932 quod
1497 2852 1632 2933 proprio
1655 2845 1776 2914 verbo:
1801 2847 1972 2932 ἐψήφισται

266 2935 357 3001 aliud
380 2936 471 3002 idem
494 2937 688 3023 significans
705 2937 928 3004 substitutum
949 2945 1011 3011 est,
1036 2959 1122 3023 qnae
1143 2961 1195 3002 res
1212 2944 1265 3002 est
1287 2937 1499 3023 pervulgata,
1524 2935 1583 3000 sed
1599 2934 1678 3022 quia
1701 2935 1846 3012 δέδοκται
1870 2936 1971 3020 (idem

266 3026 354 3109 quod
380 3026 510 3107 ἔδοξεν),
543 3028 684 3093 verbum
712 3027 946 3114 impersonale,
976 3049 1052 3092 cum
1082 3027 1296 3092 substantivo
1327 3025 1472 3112 subjecti
1501 3025 1575 3090 loco
1604 3024 1716 3111 posito
1740 3031 1971 3101 constructum

267 3121 326 3179 est.
364 3116 477 3182 Minus
501 3117 715 3196 offenderem,
741 3117 770 3182 si
789 3123 859 3195 jam
883 3117 1027 3201 δόγματα
1050 3116 1157 3194 ἔδοξεν
1181 3117 1236 3183 vel
1251 3115 1319 3182 tale
1338 3115 1417 3201 quid
1436 3113 1603 3200 legissem,
1628 3114 1719 3199 quod
1737 3136 1807 3183 non
1822 3114 1969 3182 memini.

266 3201 391 3268 Credas
415 3204 614 3290 originalem
632 3205 728 3273 verbi
750 3204 954 3271 sententiam
970 3217 1027 3271 τοῦ
1045 3206 1200 3292 δέχεσθαι
1224 3203 1417 3290 (siquidem
1441 3203 1544 3278 δοκέω
1567 3202 1657 3268 idem
1675 3202 1767 3269 valet
1783 3203 1872 3289 quod
1893 3205 1970 3270 ύπο-

264 3289 431 3380 λαμβάνω)
454 3317 523 3360 non
547 3296 647 3382 plane
670 3295 883 3378 exstinctam,
908 3294 967 3360 sed
991 3294 1132 3360 obscure
1157 3294 1268 3360 animo
1291 3293 1459 3378 loquentis
1482 3291 1678 3361 inhaesisse.

424 3417 608 3500 Hermann,
639 3442 739 3505 quem
762 3419 853 3497 Weil
876 3427 1037 3506 sequitur,
1066 3419 1222 3485 lacunam
1252 3419 1340 3485 inter
1363 3425 1424 3484 hos
1449 3439 1567 3484 versus
1591 3439 1666 3482 esse
1689 3417 1881 3504 suspicatus
1905 3424 1968 3499 est,

266 3505 395 3572 ratione
418 3528 488 3572 non
511 3508 637 3575 additu,

353 3628 355 3634 ’
424 3635 498 3700 623.
525 3633 730 3720 δημηγόρους
753 3636 919 3719 δ’ἤκουσεν
943 3635 1100 3711 εὐπειθεῖς
1124 3637 1265 3718 στροφὰς

525 3723 625 3808 δῆμος
646 3723 829 3810 Πελασγῶν.

265 3826 421 3904 εὐπειθεῖς
442 3827 622 3894 Blomfield
656 3827 692 3894 in
727 3831 867 3911 εύπιθεῖς
901 3829 1057 3896 mutavit.
1103 3829 1190 3896 Mihi
1214 3830 1348 3916 εὐπιθής
1373 3829 1498 3894 rectius
1522 3826 1667 3910 videtur,
1697 3835 1736 3893 ut
1760 3827 1831 3913 jam
1854 3827 1967 3896 Bothe

265 3914 410 4001 scripsit.
445 3915 533 3982 Nam
556 3918 585 3983 si
609 3920 748 3998 εὐπιθεῖς
771 3919 938 3997 scribitur,
963 3919 1057 3986 notio
1081 3918 1281 3986 oboediendi
1303 3919 1338 3984 in
1354 3917 1458 3985 verbo
1483 3919 1607 3983 ἀκούειν
1630 3916 1729 4001 inest,
1754 3917 1845 4003 quod
1865 3940 1966 4004 gene·

265 4001 375 4070 tivum
396 4005 569 4092 postulare
593 4007 738 4074 videtur.
1265 4023 1266 4028 ’

423 4152 454 4197 v.
473 4131 659 4200 630-709.
698 4133 837 4202 illustre
868 4133 1054 4200 secundum
1082 4133 1274 4216 stasimum,
1305 4133 1394 4217 quod
1423 4132 1460 4198 in
1481 4131 1688 4220 Argivorum
1716 4132 1826 4198 salute
1849 4153 1870 4198 a
1893 4133 1964 4198 deis

264 4219 453 4304 expetenda
475 4223 677 4305 versatur,*)
706 4229 786 4311 post
812 4221 910 4306 alios,
943 4221 1097 4310 (singulis
1129 4222 1264 4308 quidem
1289 4220 1632 4290 commentationibus
1655 4222 1698 4286 H.
1722 4220 1821 4288 Keck
1843 4228 1879 4287 et
1901 4221 1963 4302 Th.

263 4305 403 4393 Bergk),
430 4308 491 4390 qui
515 4310 556 4374 de
580 4331 619 4376 eo
642 4313 779 4382 uberius
804 4313 1075 4399 disputaverunt,
1099 4311 1277 4377 Wecklein
1304 4311 1341 4377 in
1363 4310 1557 4380 universum
1577 4311 1747 4400 praeclare
1771 4310 1964 4400 explicavit,

264 4395 434 4461 subtiliter
462 4399 706 4468 sententiarum
735 4403 888 4470 ordinem
918 4423 1133 4488 persequens.
1182 4401 1288 4478 Quem
1317 4407 1357 4467 ut
1386 4401 1460 4488 ipse
1489 4403 1647 4468 referrem
1671 4405 1706 4467 et
1732 4421 1965 4490 percenserem

261 4485 346 4551 haec
373 4485 589 4573 potissimum
618 4489 685 4555 fuit
714 4513 829 4570 causa,
866 4491 945 4577 quia
973 4491 1071 4557 aliter
1104 4489 1274 4556 interdum
1303 4490 1345 4556 de
1375 4490 1560 4578 scripturae
1589 4489 1786 4577 integritate
1816 4488 1965 4576 judicari

262 4575 391 4660 nequit.
419 4576 535 4642 Prima
551 4578 690 4665 stropha
703 4579 841 4645 deorum
858 4581 970 4666 gratia
991 4580 1192 4667 imploratur
1207 4580 1250 4644 ad
1271 4578 1383 4645 urbis
1403 4581 1548 4645 salutem
1565 4580 1792 4664 tuendam,**)
1809 4579 1963 4664 inprimis

262 4660 427 4748 incendia,
456 4688 500 4730 ne
522 4666 678 4753 intereat,
706 4670 750 4735 ab
774 4693 814 4735 ea
836 4669 1075 4758 propulsanda.
1123 4668 1219 4748 Quod
1248 4668 1321 4755 ejus
1346 4691 1513 4736 summam
1540 4668 1576 4734 in
1605 4691 1644 4734 eo
1667 4668 1755 4736 verti
1772 4667 1950 4736 Wecklein

261 4809 348 4816 ——-

260 4857 442 5000 (Ὄῃᾶγμυγῃη
462 4877 570 4933 omes
598 4897 662 4934 ⁰um
691 4899 723 4935 ‘³⁰
749 4881 943 4938 Eumenidum
970 4888 1008 4946 lv.
1024 4883 1175 4948 916-987)
1204 4899 1347 4954 commum
1376 4880 1557 4936 simillimum
1584 4885 1615 4935 in
1634 4880 1817 4938 Athenarum
1843 4880 1959 4938 laudern

420 5054 459 5126 **)
477 5056 531 5112 hoc
550 5075 611 5115 esse
630 5066 835 5134 argumentum
854 5065 923 5116 item
945 5060 1021 5114 Keck
1040 5064 1117 5114 recte
1132 5059 1283 5130 judicavit.

1747 5166 1782 5222 3*
