4122 5792
950 207 994 269 20

967 297 1075 305 --—.—-.

119 425 244 504 censet,
268 430 306 485 ut
329 419 409 484 belli
432 419 618 507 periculum
642 420 764 486 chorus
788 419 831 484 ab
846 418 985 504 Argivis
1002 419 1210 521 deprecetur,
1235 421 1299 487 hoc
1315 420 1451 507 quidem
1467 422 1551 487 mihi
1564 445 1631 488 non
1649 420 1820 509 probatur.

119 471 252 574 Bellum
278 509 366 574 enim
390 508 490 576 video
514 508 617 574 etiam
640 511 842 576 secundat
812 509 950 595 stropha
973 507 1115 594 attingi,
1144 511 1218 596 μηδ
1244 511 1434 595 Αφροδίτας
1458 514 1597 613 εὐνάτωρ
1622 512 1824 600 βροτολοιγὸς

118 598 224 690 Αργς
246 597 386 699 κέρσειεν
411 602 530 664 ἄωτον·
524 597 665 685 ,prima
688 606 803 665 autem
826 597 966 684 stropha
975 598 1120 670 Martem
1142 620 1210 664 non
1226 615 1338 686 perse
1355 607 1390 664 et
1405 623 1466 666 suo
1482 601 1618 666 nomine
1633 601 1822 683 memorari,

119 689 178 754 sed
202 687 281 774 quia
303 651 535 753 incendiorum
559 695 677 755 auctor
692 711 766 755 esse
782 694 888 754 soleat
912 687 1049 774 (μήποτε
1072 688 1246 773 πυρίφατον
1261 693 1317 755 τὰν
1332 689 1512 776 Πελασγίαν
1536 691 1624 756 πόλιν
1648 691 1749 756 κτίσαι
1771 694 1824 755 τὸν

120 779 244 865 μάχλον
267 776 382 864 Αρη).
429 777 484 842 Ab
512 777 596 842 urbe
624 785 725 864 potta
754 778 797 844 ad
825 777 989 868 populum
1018 777 1235 877 progreditur
1264 785 1365 864 atque
1394 779 1604 846 secundat
1570 787 1642 845 ets
1628 779 1767 880 stroplra
1790 786 1825 844 et

119 865 333 952 antistropha
359 871 399 931 ut
427 866 573 953 populus
602 889 742 933 numero
772 875 937 950 augeatur
966 866 1105 952 expetit,
1138 867 1280 955 stropha
1302 869 1515 953 negativam,
1546 891 1647 953 quam
1670 867 1824 950 dicimus,

120 955 287 1022 rationem
315 955 502 1040 amplexus
533 979 576 1020 ne
606 963 666 1021 aut
697 958 786 1022 fame
815 962 875 1020 aut
898 955 1084 1020 domestico
1109 963 1304 1026 externove
1317 957 1405 1024 bello
1428 957 1651 1059 imminuatur
1672 979 1824 1059 precene,

120 1044 345 1132 antistropha,
368 1053 462 1110 recta
484 1045 669 1132 procedens
692 1045 759 1128 via,
783 1052 822 1111 ut
838 1044 881 1109 ad
905 1050 1114 1110 senectutem
1137 1045 1324 1132 longinqua
1345 1046 1418 1112 vita
1438 1046 1529 1112 cives
1552 1046 1763 1134 perveniant,
1788 1055 1827 1112 ut

120 1135 205 1200 uber
227 1134 385 1221 proles
357 1156 404 1199 111
422 1133 559 1211 oriatur,
582 1134 736 1222 inprimis
759 1141 799 1200 ut
822 1133 1014 1236 principum
1035 1133 1183 1200 familiae
1200 1135 1318 1202 subole
1334 1143 1565 1222 propagentur
1580 1158 1688 1203 orans.
1728 1136 1826 1202 Hanc

122 1223 328 1290 sententiam
353 1223 454 1288 etiam
479 1224 581 1288 tertia
605 1225 754 1311 stropha,
791 1225 833 1288 ad
862 1224 1059 1309 negativam
1087 1245 1260 1309 regressus
1290 1224 1397 1307 viam,
1433 1226 1656 1312 persequitur,
1692 1225 1827 1292 morbos

119 1311 319 1400 perniciales
336 1313 535 1413 deprecans.
566 1313 764 1400 Insequenti
785 1312 1000 1413 antistropha
1014 1313 1056 1378 ad
1082 1321 1221 1380 externa
1244 1313 1370 1380 bonat
1357 1315 1495 1380 transit:
1521 1315 1659 1400 frugum
1683 1314 1828 1402 pecoris-

121 1425 186 1489 que
219 1403 412 1468 ubertatem
447 1401 664 1488 omniumque
698 1425 810 1469 rerum
845 1401 977 1488 copiam
1017 1406 1064 1487 (τὸ
1103 1415 1164 1467 ποιν
1197 1405 1264 1468 δ’ἐκ
1296 1405 1451 1489 δαιμόνων
1482 1405 1620 1508 λάβοιεν)
1644 1410 1824 1494 exoptans3
1854 1470 1861 1485 ,

122 1499 273 1558 extrema
289 1493 429 1578 stropha
444 1490 585 1558 moralia
601 1491 732 1575 bonas
723 1516 758 1558 1n
778 1491 901 1578 quibus
916 1491 1094 1557 concordia
1110 1493 1286 1578 omnisque
1303 1492 1394 1558 salus
1410 1494 1584 1614 consistat,
1609 1501 1648 1559 ut
1668 1491 1828 1574 hospites,

123 1581 186 1659 dei,
210 1587 369 1668 parentes
393 1580 448 1668 pie
471 1580 627 1647 colantur
648 1542 746 1668 polit.

282 1687 346 1754 His
369 1687 543 1776 praeposit
544 1687 572 1752 is
592 1687 665 1775 jam
689 1689 732 1754 ad
756 1689 891 1775 singula
913 1686 1029 1754 venire
1052 1687 1141 1756 licet.

284 1818 315 1863 v.
334 1797 398 1862 659
423 1794 584 1861 Schiitzio
608 1800 746 1862 auctore
769 1817 830 1882 pro
853 1797 962 1896 λοιμός
984 1795 1117 1864 Weckl.
1141 1802 1231 1863 recte
1254 1797 1342 1881 λιμός
1365 1796 1508 1882 scripsit.
1548 1797 1637 1861 Nam
1662 1797 1703 1861 de
1726 1795 1828 1882 pesti-

122 1885 228 1950 lentia
258 1883 446 1986 ceterisque
476 1884 601 1950 morbis
632 1892 761 1972 postea,
793 1884 895 1950 111111
900 1885 1060 1985 'quidem
1089 1884 1239 1986 stropha,
1271 1885 1328 1972 agi
1330 1893 1385 1950 tur
1411 1909 1474 1951 neo
1497 1885 1748 1951 admittendum
1777 1885 1828 1951 bis

123 1979 261 2062 poetam
289 1972 379 2039 idem
409 1972 544 2042 dixisse.
591 1973 713 2040 Fames
749 1981 863 2039 autem
897 1973 934 2038 in
962 1973 1173 2060 gravissimis
1201 1974 1311 2040 causis
1338 1975 1472 2041 numeri
1500 1975 1724 2041 imminuendi
1752 1974 1828 2051 fuit,

123 2084 193 2129 non
221 2063 310 2149 quod
340 2062 457 2128 multis
488 2085 527 2128 ea
555 2085 644 2128 mors
675 2063 864 2147 inferretur,
895 2062 931 2127 id
955 2063 1045 2149 quod
1074 2063 1217 2150 cogitari
1239 2087 1308 2130 non
1335 2071 1459 2150 potest,
1489 2065 1548 2130 sed
1572 2065 1651 2150 quia
1675 2085 1716 2129 ex
1740 2071 1830 2130 terra

124 2152 337 2239 demigrandi
360 2153 493 2240 aliaque
515 2152 589 2218 loca
612 2153 751 2241 petendi
774 2115 891 2218 1111111
916 2175 1051 2218 causam
1072 2153 1199 2220 attulit.
1235 2154 1328 2232 Quae
1344 2176 1419 2218 oum
1441 2160 1576 2220 tantum
1592 2153 1683 2241 apud
1699 2161 1831 2219 veteres

125 2244 167 2308 ad
196 2249 303 2308 terras
331 2241 587 2318 exhauriendas
616 2243 658 2308 ad
688 2265 740 2308 res
771 2243 934 2328 sedesque
962 2243 1141 2309 mutandas
1171 2243 1326 2320 valuerit,
1359 2243 1433 2330 quis
1462 2267 1537 2309 eam
1565 2242 1831 2331 praetermisisse

128 2340 265 2419 poetam
289 2331 354 2398 sibi
377 2331 603 2420 persuadeat?

285 2441 350 2506 669
378 2441 432 2503 καί
459 2449 624 2524 γεραροῖσι
654 2440 938 2528 πρεσβυτοδόκοι*)
966 2439 1125 2527 γεμόντων
1156 2439 1294 2520 θυμέλαι
1322 2441 1490 2526 φλεόντων.
1538 2439 1746 2524 Sequuntur:
1771 2442 1831 2516 τὼς

126 2530 217 2608 πόλις
239 2533 274 2594 εὖ
298 2528 432 2614 νέμοιτο.
471 2529 609 2614 γεραρός
631 2550 743 2612 senex,
768 2529 857 2594 sicut
879 2529 1000 2614 Agam.
1025 2530 1100 2596 722.
1139 2529 1204 2593 Pro
1230 2529 1386 2613 φλεόντων
1414 2533 1475 2606 τὼς
1498 2530 1630 2614 Burges
1655 2529 1832 2615 φλεγόντων

127 2618 221 2702 θ’ὡς,
257 2618 348 2704 quod
382 2617 467 2682 mihi
501 2617 610 2703 magis
644 2619 757 2706 placet
790 2641 892 2704 quam
926 2619 1117 2705 προβούλοις
1149 2619 1223 2684 1010
1254 2618 1349 2683 verbi
1378 2621 1535 2705 γεμόντων
1565 2619 1608 2683 ab
1638 2619 1833 2683 Hermanno

127 2710 302 2778 insertum.
349 2707 437 2774 Nam
466 2706 516 2772 ita
545 2729 662 2794 preces
691 2708 733 2772 ad
767 2714 904 2773 senatus
927 2715 1062 2773 tantum
1085 2708 1350 2794 perpetuitatem
1374 2716 1563 2785 vertuntur,
1589 2729 1665 2773 cum
1690 2729 1753 2792 ego
1777 2706 1833 2788 (cf.

129 2820 230 2886 supra
254 2796 474 2863 summarium
497 2800 623 2880 meum)
648 2796 785 2862 omnino
809 2796 940 2862 civibus
965 2797 1224 2862 diuturnitatem
1248 2797 1340 2863 vitae
1363 2797 1537 2884 implorari
1560 2819 1725 2862 censeam.
1764 2798 1835 2862 Nec

129 2888 244 2954 obstat
266 2886 356 2972 quod
381 2885 549 2972 sequitur:
581 2887 623 2963 ὡς
645 2888 734 2963 πόλις
757 2890 792 2951 εὖ
816 2887 948 2971 νέμοιτο.
990 2885 1215 2954 0011111011.
1239 2887 1311 2952 011.
1335 2885 1539 2972 Μ1β.β67;
1564 2886 1670 2951 Pauci
1693 2885 1837 2951 veniunt

130 2977 172 3043 ad
196 2981 422 3060 senectutem;
453 2975 543 3061 quod
573 2974 610 3040 ni
632 2975 682 3040 ita
705 2975 883 3057 accideret,
911 2975 1032 3040 melius
1060 2983 1095 3041 et
1118 2976 1319 3062 prudentius
1343 2975 1525 3044 viveretur.
1566 2977 1663 3041 Mens
1688 2976 1836 3040 enimet

129 3066 217 3132 ratio
240 3072 275 3130 et
298 3064 475 3130 consilium
497 3064 534 3129 in
557 3063 695 3130 senibus
711 3077 777 3145 est;
802 3065 860 3150 qui
877 3063 906 3130 si
928 3064 1013 3130 nulli
1036 3064 1191 3146 fuissent,
1215 3066 1328 3131 nullae
1347 3064 1483 3131 omuino
1501 3063 1657 3132 civitates
1680 3063 1834 3131 fuissent.

131 3155 229 3236 Quod
259 3153 302 3220 ad
332 3154 523 3241 optativum
552 3153 675 3240 νέμοιτο
706 3155 844 3239 attinet,
879 3154 972 3219 haud
994 3177 1103 3241 pauca
1137 3155 1358 3221 inveniuntur
1392 3155 1546 3241 exempla
1581 3152 1727 3242 optativi
1758 3161 1838 3241 post

130 3267 291 3334 praesens
314 3243 427 3330 positi,
453 3248 493 3308 ut
515 3251 658 3308 eventus
681 3243 831 3310 incertus
848 3244 1046 3309 declaretur.
1087 3243 1495 3330 011111101111114
1517 3255 1627 3310 τοῦτον
1651 3246 1761 3330 δ’ὀχῶ,
1787 3247 1837 3310 ίνα

131 3336 175 3422 μὴ
213 3335 319 3421 ἄχθος
353 3333 454 3417 φέροι.
497 3333 563 3401 Au.
596 3336 681 3400 1523
718 3336 967 3418 ἐπιστρατεύσειν
1001 3335 1076 3418 φάσ’
1115 3337 1179 3399 άνω
1214 3343 1256 3420 τῷ
1286 3333 1347 3410 Διί,
1384 3335 1410 3398 εί
1446 3335 1489 3418 μὴ
1523 3333 1653 3419 παρέξει
1680 3333 1833 3418 τ’ἀμπόρι’

133 3423 387 3510 ἀνεῳγμένα,ίν
359 3427 396 3488 ἵν’
430 3424 591 3509 εἰςάγοιτο.
638 3422 695 3487 Ad
724 3431 906 3509 utrumque
936 3423 1048 3488 locum
1079 3445 1112 3487 v
1141 3422 1266 3508 Kock.;
1304 3422 1400 3509 Vesp.
1434 3425 1497 3491 110
1527 3426 1566 3488 ίν’
1595 3425 1664 3509 ἔχοι
1693 3423 1835 3505 δικάζειν,

134 3514 319 3601 αίγιαλὸνέ
304 3512 392 3577 ἔνδον
421 3512 537 3596 τρέφει.
584 3512 671 3578 Plat.
697 3513 796 3598 Apol
822 3515 875 3578 22.
899 3515 941 3578 A.
965 3513 1053 3576 δει
1041 3522 1160 3595 υμῖντ
1143 3512 1199 3596 τνι)
1235 3512 1313 3597 ἐμὴν
1349 3513 1472 3598 πλάνην
1507 3513 1664 3594 ἐπιδεῖξαι,
1701 3515 1753 3578 ίνα
1787 3533 1838 3595 μοι

134 3605 186 3669 eu
187 3601 317 3690 γκτὸςτ)
336 3601 516 3687 μαντείαγὲ
518 3623 611 3666 νοιτο.
647 3601 750 3688 Hipp.
764 3602 845 3668 Min.
860 3603 936 3668 365.
952 3601 993 3668 Β.
1006 3603 1092 3688 Rep.
1106 3602 1168 3666 ΙΠ
1182 3603 1258 3669 403.
1273 3608 1319 3686 Β,
1337 3603 1412 3668 410.
1430 3601 1467 3669 C.
1484 3603 1574 3670 Xen.
1592 3601 1667 3683 Oyr
1685 3603 1712 3666 1
1733 3603 1764 3668 6
1781 3602 1838 3681 34;

135 3693 196 3758 111.
215 3694 244 3758 Ι
264 3695 331 3773 11.·
356 3691 454 3756 Dem
473 3689 524 3756 Ol.
541 3691 608 3759 ΠΙ.
625 3692 676 3757 34.
695 3691 739 3758 Κ.
761 3691 813 3759 W.
830 3693 976 3777 Kriiger.
993 3693 1045 3758 54.
1064 3695 1096 3758 8.
1113 3691 1152 3758 A
1169 3693 1200 3760 3
1277 3728 1279 3733 ·

295 3799 361 3864 674
385 3797 554 3863 Τίκτεσθοιι
575 3798 742 3882 δ’ἐφόρους
763 3799 851 3862 male
871 3797 1023 3874 Erfurdt,
1054 3798 1299 3863 sententiarum
1324 3798 1409 3862 serie
1432 3796 1570 3861 minime
1593 3803 1782 3883 perspecta,
1806 3795 1843 3859 in

137 3892 172 3954 δὲ
197 3889 316 3974 φόρους
338 3886 496 3954 mutavit.
542 3886 584 3952 V.
601 3886 821 3952 summarium
843 3888 1084 3975 praepositum.

297 3995 364 4061 680
391 3995 446 4059 δα·
435 3995 510 4075 ζων
537 4016 606 4060 101
635 3994 1338 4084 (1111011111,(11110111,11(1,1111,111μ1
1367 3991 1574 4059 interimens.
1613 3991 1664 4057 Of.
1683 3992 1748 4075 Ag.
1764 3990 1841 4061 2071

137 4083 358 4173 inprimisque
381 4085 470 4171 apud
488 4083 682 4151 Homerum.

300 4191 412 4257 Aoute
441 4191 573 4256 Weclrl
604 4190 778 4278 perspexit
805 4190 893 4277 Αρη
930 4191 985 4255 hic
1021 4191 1086 4257 682
1121 4192 1272 4278 (ἄχορον,
1309 4190 1472 4291 ἀκίθαριν,
1509 4188 1724 4274 δακρυογόνον
1753 4186 1840 4274 Ἀρη

141 4283 325 4366 ἐξοπλίζων)
350 4303 419 4346 101
450 4279 707 4366 bellipotentem
734 4279 831 4345 illum
853 4286 997 4345 Martem
1022 4301 1104 4363 esse,
1134 4279 1193 4344 sed
1221 4277 1383 4365 perniciei
1406 4277 1636 4364 cujuscunque
1659 4283 1841 4360 auctorem,

146 4381 186 4440 ut
209 4371 300 4460 apud
324 4372 369 4436 So
371 4369 590 4457 ph.oclemO
615 4369 652 4436 Τ
681 4369 753 4436 190.
794 4331 1842 4450 0111111101(1111111111.1110111111),11111ρι.

142 4463 211 4620 βὲιό
224 4394 544 4638 γββῆςὲξρρφρσβω
559 4459 774 4526 cohaerentia
797 4482 874 4524 cum
898 4459 961 4545 ἀρνί)
986 4458 1081 4543 (ἀρὴν
1106 4459 1258 4542 ἑτάροισιν
1283 4458 1422 4544 ἀμύνων)
1446 4459 1485 4524 Il
1504 4455 1595 4523 XVI
1614 4457 1690 4525 512.
1705 4454 1868 4522 xviris

303 4658 369 4724 683
386 4655 567 4738 ἐ.ξοπλίζων
595 4655 671 4722 Etsi
683 4654 942 4722 facileWeokl
914 4654 1002 4722 11110
1015 4653 1181 4722 111111101
1192 4655 1256 4720 hoc
1268 4655 1472 4721 vocabulum
1483 4660 1622 4740 propter
1630 4654 1773 4718 Martem
1786 4651 1844 4716 ad-

144 4746 290 4814 hibitum
307 4767 390 4823 esse,
406 4752 523 4811 tamen
537 4768 606 4812 101
621 4746 722 4832 plane
738 4744 935 4831 expeditum
950 4752 1010 4812 est
1043 4745 1279 4847 Exspeotesr,
1286 4767 1399 4811 secum
1415 4744 1573 4822 ducens“,
1593 4741 1844 4830 „comitatum“,

144 4858 246 4913 non,
248 4843 411 4916 ,armans“
438 4841 508 4920 aut,
538 4835 567 4899 si
589 4840 624 4900 in
647 4835 734 4900 hanc
762 4839 894 4922 partem
918 4834 1120 4922 accipias,
1124 4835 1160 4899 in
1183 4856 1276 4901 arma
1298 4834 1454 4920 cogens“.
1503 4831 1661 4898 Ceterum
1689 4830 1844 4917 frequen-

145 4886 256 4991 taturii
279 4932 331 4990 est
354 4926 445 5012 apud
467 4925 589 4991 Aesch
615 4925 679 4991 hoc
702 4923 906 4990 vocabulum
930 4924 1044 5011 (supra
1068 4927 1120 5002 97,
1144 4924 1233 4990 infra
1257 4925 1343 5011 702).

306 5100 329 5170 *)
350 5102 385 5154 de
404 5103 543 5156 vocabulo
563 5102 600 5160 cl.
614 5102 697 5156 Todt.
711 5121 737 5172 p.
752 5106 793 5169 35,
814 5104 863 5172 qui
881 5106 978 5156 tamen
998 5107 1183 5171 πρεσβυδόκοι
1202 5103 1325 5172 scripsit
