4122 5792
977 167 1016 231 12

885 255 1097 266 ..M—fi

306 380 361 466 in
395 380 522 446 diesem
552 379 688 445 Punkte
723 383 771 448 (τὸ
794 381 882 468 τήδε)
917 378 963 444 ist
995 378 1055 444 der
1087 377 1291 480 Argivische
1326 379 1457 444 Stamm
1492 379 1570 444 sehr
1604 402 1655 443 em
1658 376 1840 465 pfindlich“

147 469 275 537 Weckl.
277 431 321 551 *p
354 471 406 535 Ne
429 467 591 534 articulus
622 469 665 534 ad
693 469 785 554 γένος
812 443 1074 551 desideraretur,
1098 467 1261 534 Weckl.
1252 491 1288 532 m
1316 467 1382 533 hoc
1409 467 1641 554 similibusque
1670 467 1843 534 vocabulis

144 557 261 625 omissi
294 557 428 624 articuli
461 558 616 643 exempla
650 492 775 624 attirlit
829 559 929 624 Certe
963 519 1131 622 sentehtia
1166 564 1247 644 apta
1268 564 1428 642 rectaque
1457 557 1505 622 sic
1532 557 1648 623 evadit
1670 557 1844 643 multoque

145 648 367 734 praeferenda
390 647 544 749 Schiitzii
567 655 602 712 et
627 647 743 712 Krusii
764 647 1046 800 interpretptioni
1071 647 1128 732 qui
1152 646 1399 772 γένοςαιιιοειιιιι
1421 669 1529 732 genus
1544 646 1754 748 ‘intellegunt
1769 648 1842 748 (ιιι.

143 736 473 914 ,ilittiltit
489 737 711 908 ιιίἱῗιιιξῗ
728 736 912 911 {titii
927 758 993 890 tt
1011 735 1618 912 ttltblitolimliilt,llil
1630 758 1845 912 stitit

144 916 309 1003 plena-
334 915 533 1002 praesertim
557 915 718 980 adversus
742 923 966 980 extemos—
991 921 1052 993 est,
1081 915 1297 1000 quamobrem
1329 915 1527 991 cavendnm
1558 937 1600 979 ne
1624 915 1846 981 offensionem

144 1004 176 1070 ei
209 1005 390 1071 afferamus
447 1003 544 1070 (lonf
561 1004 603 1069 ad
639 1025 747 1069 mores
782 1003 990 1090 Argivorum
1023 1005 1227 1069 Bursianum
1251 1003 1294 1068 ΙΙ.
1311 1027 1344 1090 p.
1361 1007 1405 1068 44
1437 1004 1517 1089 „dar
1546 1003 1845 1070 Privatcharalrter

123 1095 204 1164 ‚der
221 1093 368 1180 Argiver
390 1093 474 1158 wird
498 1114 567 1158 von
589 1093 653 1158 den
678 1093 771 1158 alten
786 1093 1079 1159 Schriltstellern
1069 1115 1105 1158 ιιι
1128 1093 1262 1158 keinem
1285 1092 1469 1178 giinstigen
1485 1092 1607 1158 Lichta
1631 1093 1842 1180 dargestellt:

148 1182 196 1249 sie
230 1183 348 1270 gelten
381 1183 431 1248 als
466 1179 673 1248 streitsiicbt'
651 1189 701 1269 trg
735 1185 804 1247 und
840 1182 1065 1266 anmallend“,
1102 1189 1207 1248 testes
1230 1183 1404 1267 proferent
1405 1204 1457 1248 em
1482 1182 1682 1269 Diogenian
1714 1183 1760 1248 II.
1792 1186 1844 1249 79.

145 1274 234 1375 App
252 1295 347 1360 prov
366 1271 427 1337 111.
444 1274 497 1354 35,
527 1271 620 1340 ahos.
667 1272 842 1336 Adversus
876 1233 1109 1336 Hermenmim
1144 1271 1374 1339 cavillantem:
1410 1271 1509 1337 Unde
1544 1271 1663 1337 didicit
1695 1273 1844 1354 DanauS,

145 1361 204 1447 qui
231 1362 331 1428 modo
358 1365 470 1446 Argos
505 1359 610 1438 venit,
644 1383 769 1447 pronos
797 1361 841 1426 ad
875 1359 1139 1448 vituperandum
1174 1383 1247 1426 esse
1282 1361 1456 1426 commode
1478 1360 1610 1426 Weckl.
1632 1369 1760 1429 monet:
1797 1361 1844 1426 Es

144 1450 241 1516 hielle
269 1450 349 1519 dem
369 1450 510 1516 Dichter
537 1449 678 1515 Fessaln
706 1449 864 1536 anlagen,
898 1450 1075 1537 verlangte
1103 1472 1182 1515 man
1209 1450 1263 1514 die
1291 1452 1561 1535 Beantwortung
1591 1450 1701 1515 dieser
1722 1451 1843 1537 Frage.

145 1539 336 1607 (laterum
327 1562 363 1604 ιιι
385 1539 473 1608 hanc
495 1545 637 1624 partem,
663 1545 845 1624 utcunque,
869 1539 972 1604 etiam
997 1538 1141 1606 conferri
1164 1545 1317 1626 possunt,
1343 1561 1429 1624 quae
1451 1562 1483 1605 v.
1501 1541 1567 1606 485
1590 1561 1705 1624 regem
1722 1540 1844 1605 Aesch.

147 1629 315 1696 dicentem
348 1628 494 1695 inducit:
529 1632 599 1692 κατ’
635 1631 739 1714 ἀρχῆς
773 1629 920 1712 φιλαίτιος
954 1628 1042 1706 λεώς.
1088 1629 1177 1693 Nam
1201 1630 1264 1694 etsi
1294 1628 1329 1693 in
1362 1629 1558 1694 universum
1595 1628 1695 1710 edita,
1731 1635 1846 1694 tamen

146 1740 308 1785 conversa
331 1725 411 1783 sunt
433 1717 469 1783 in
491 1716 601 1804 ipsam
624 1718 758 1804 plebem
781 1718 997 1804 Argivorum.

303 1866 337 1907 v.
353 1844 418 1910 205
442 1842 620 1996 φυλάξὲμαι
644 1843 678 1906 δὲ
701 1843 797 1908 τάσδε
822 1833 1000 1928 μεμνῆσθαι
1025 1843 1119 1908 σέθεν

489 1954 522 1996 ετ
587 1983 594 1998 .

306 2038 451 2105 Weckl:
465 1954 656 2115 φιιιιιιςςιοιι
679 2037 790 2104 werde
813 2039 1057 2125 gewissenhaft
1072 2038 1315 2105 beobaohten“.
1356 2038 1435 2117 Alii,
1460 2039 1518 2124 qui
1547 2039 1584 2102 in
1607 2037 1718 2104 medio
1742 2037 1847 2104 offen-

147 2127 268 2210 derint,
302 2127 338 2193 in
371 2127 551 2214 φυλάξομεν
583 2133 811 2212 mutaverunt,
848 2129 936 2214 quod
971 2127 1126 2193 similiter
1158 2135 1358 2214 usurpatum
1392 2128 1530 2192 invenio
1564 2151 1607 2214 ap
1646 2127 1848 2214 Sophoclem

145 2216 202 2304 Aj.
219 2219 299 2287 535:
324 2219 386 2303 ἐγὼ
411 2217 547 2302 ’φύλαξα
569 2218 661 2282 τοῦτό
685 2218 850 2302 γ’ἀρκέσαι
874 2227 975 2304 atque
998 2219 1033 2282 ιιι
1057 2217 1162 2282 Iliade
1187 2217 1230 2284 II.
1247 2220 1310 2283 251
1336 2219 1446 2282 νύστον
1468 2239 1502 2282 τε
1526 2217 1706 2301 φυλάσσοις.

180 2391 182 2396 .
307 2366 338 2407 v.
355 2344 422 2410 220
444 2345 562 2427 Ἑρμῆς
586 2344 631 2407 ὅδ’
658 2343 754 2419 ἄλλος
775 2352 871 2407 τοῖσιν
893 2342 1054 2428 Ἑλλήνων
1078 2344 1184 2426 νόμοις

146 2455 237 2514 recte
264 2471 285 2514 a
312 2449 415 2515 schol.
442 2449 645 2536 explicatur:
683 2451 726 2527 ὡς
757 2460 818 2514 τῶν
849 2450 1024 2536 Αἰγυπτίων
1060 2449 1164 2525 ἄλλως
1199 2453 1292 2513 αὐτὸν
1327 2450 1520 2534 γραφόντων.
1572 2450 1727 2534 Apparet
1761 2447 1847 2512 sicut

147 2537 230 2604 alios
254 2537 356 2624 hujus
380 2560 457 2604 arae
480 2540 577 2616 deoc,
608 2538 721 2604 Solem
750 2561 811 2624 per
832 2539 975 2624 gallum,
1011 2539 1210 2625 Neptunum
1239 2560 1301 2624 per
1329 2536 1520 2616 tridentem,
1557 2537 1741 2622 symbolice
1771 2558 1847 2600 eum

147 2627 297 2692 effictum
322 2626 441 2696 fuisse:
476 2650 538 2714 per
563 2628 748 2693 caduceum
784 2628 930 2714 quidem,
967 2627 1058 2712 quod
1091 2626 1283 2712 insequenti
1315 2648 1428 2693 versu:
1464 2627 1646 2710 ἐλευθέροις
1667 2637 1720 2691 νύν
1744 2627 1848 2690 ἐσθλὰ

146 2717 348 2801 κηρυκευέτω
372 2717 597 2783 confirmatur.
645 2717 733 2782 Nem
757 2717 846 2804 apud
871 2716 1062 2803 Aegyptios
1085 2716 1157 2800 ille,
1193 2715 1250 2801 qui
1274 2714 1440 2781 Mercurio
1468 2715 1706 2802 respondebat,
1734 2714 1848 2779 'Photh

147 2805 219 2870 sive
253 2805 389 2871 Theuth
423 2805 489 2871 alia
523 2805 670 2891 insignia
704 2806 861 2890 habebat,
897 2806 997 2872 ibidis
1032 2814 1144 2891 caput,
1180 2811 1222 2870 ot.
1246 2805 1334 2873 Plat.
1355 2805 1499 2870 Phaedr.
1521 2807 1596 2872 274.
1621 2804 1668 2881 G,
1698 2809 1733 2868 et
1761 2825 1847 2889 quae

146 2894 340 2961 Herodotus
365 2895 410 2961 ΙΙ.
426 2899 468 2963 51
494 2902 667 2962 memorat.
715 2896 791 2960 Non
822 2895 904 2961 satis
935 2895 1106 2982 intellego,
1138 2917 1198 2959 cur
1224 2902 1295 2959 tam
1326 2902 1443 2981 aperta
1471 2894 1650 2960 verborum
1680 2893 1850 2959 sententia

147 2983 278 3051 Wackl.
295 2984 406 3050 locum
435 2984 621 3050 mutaverit
642 2985 769 3070 πομπύς
799 2985 961 3049 scribens:
991 2984 1112 3069 Ἑρμῆς
1142 2986 1187 3048 ὅδ’
1218 2985 1315 3060 ἄλλος
1342 2987 1468 3070 πομπὸς
1491 2983 1651 3069 Ἑλλήνων
1675 2984 1789 3067 νόμοις,
1814 2989 1850 3047 et

146 3073 195 3137 ita
218 3095 294 3138 eum
318 3074 479 3160 Neptuno
503 3073 708 3160 opposuerit.

437 3220 470 3266 v.
486 3201 552 3265 225
1176 3201 1264 3286 φόβῳ

572 3290 701 3375 ἐχθρῶν
726 3289 868 3374 ὁμαίμων
892 3291 944 3352 καὶ
968 3290 1146 3374 μιαινόντων
1170 3289 1270 3374 γένος.

306 3411 344 3477 Si
366 3434 442 3477 cum
467 3412 520 3478 his
544 3413 619 3496 alia,
644 3413 795 3499 quaeda
819 3413 936 3478 eadem
959 3435 995 3478 re
1018 3412 1139 3478 Aesch.
1159 3411 1255 3496 dixit,
1280 3411 1496 3477 conferimus:

389 3558 421 3603 v.
439 3539 550 3604 9-10
573 3540 735 3623 αὐτογενεῖ
759 3537 989 3623 φυξανορίᾳ**)

492 3715 495 3720 Ι
571 3628 674 3712 γάμον
697 3625 858 3712 Αἰγύπτου
882 3628 1001 3692 παίδων
1026 3629 1124 3714 ἀσεβῆ
1148 3631 1174 3690 τ’

572 3717 796 3799 ὀνοταζύμεναι

455 3863 488 3904 ν.
505 3843 549 3908 38
571 3841 711 3926 λέκτρων
735 3843 777 3906 ὢν
802 3842 893 3926 θέμις
917 3845 1014 3926 εἴργει

573 3929 826 4016 σφετεριξάμενοι
849 3930 1101 4014 πατραδέλφειαν

219 4076 251 4123 v.
268 4056 422 4122 334-35
446 4056 545 4121 Ohor.
571 4056 613 4133 ὡς
637 4057 680 4140 μὴ
704 4056 842 4141 γένωμαι
866 4056 966 4139 apere
988 4053 1149 4141 Αἰγύπτου
1173 4055 1263 4141 γένει,

455 4181 546 4246 Rex:
570 4183 690 4265 πότερα
713 4185 782 4247 κατ’
807 4180 930 4268 έχθραν
954 4183 974 4266 ἢ
999 4183 1034 4244 τὸ
1060 4182 1103 4266 μὴ
1128 4182 1219 4266 θέμις
1242 4181 1356 4266 λέγεις;

307 4306 454 4392 danique
477 4328 563 4392 quae
587 4305 629 4370 de
653 4305 780 4371 eisdem
802 4305 931 4392 nuptiis
954 4305 1178 4371 Prometheus
1202 4303 1392 4370 vaticinans
1415 4304 1545 4390 profert
1569 4306 1690 4386 (Prom.
1708 4303 1788 4381 855)
1813 4292 1819 4303 ’

572 4522 664 4586 πάλιν
687 4524 768 4604 πρὸς
789 4519 913 4606 Ἀργος
936 4523 998 4606 οὐχ
1021 4521 1127 4585 έκούσ’
1153 4520 1312 4584 ἐλεύσεται

573 4611 792 4695 θηλύσπορος,
817 4612 981 4695 φεύγουσα
1005 4618 1170 4695 συγγενῆ
1194 4609 1316 4694 γάμον

573 4701 719 4784 ἀνεψιῶν.

307 4879 333 4948 *)
353 4879 380 4933 Α
398 4877 573 4949 loquacitate
600 4876 711 4931 scilicet
737 4876 782 4930 illi
810 4893 868 4930 non
895 4880 1005 4942 minua,
1033 4893 1119 4946 quam
1146 4875 1369 4930 Lacedaemonii
1395 4875 1597 4928 abhorrebant.
1639 4872 1721 4928 Conf.
1748 4889 1775 4928 ν.
1795 4872 1847 4924 2ῖὸ

148 4953 262 5017 μακράν
279 4967 310 5020 με
328 4955 381 5016 μὲν
400 4953 433 5019 δή
453 4955 533 5019 ῥῆσιν
552 4955 585 5002 ού
606 4954 710 5018 στέργει
727 4953 813 5013 πόλις,

309 5053 354 5126 **)
369 5054 441 5111 haec
458 5053 576 5128 quidem
592 5056 734 5128 probabili
747 5055 935 5140 Bambergeri
954 5055 1155 5110 emendatione
1174 5072 1227 5128 pro
1246 5059 1402 5125 corruptis:
1423 5060 1609 5122 αιτογιιιμον
1629 5050 1846 5120 γιυλαξιινοραυ.
