4122 5792
1159 219 1178 288 7

477 428 607 504 Weckl.
630 430 739 520 Ιφίλους
767 443 846 502 curn
868 431 1080 503 Schwerdtic
1107 437 1262 524 argutius
1288 435 1333 502 ad
1356 433 1502 522 Argivos
1534 433 1649 515 refert,
1684 437 1714 502 εί
1741 433 1785 502 ad
1820 435 2005 522 δειμαίνουσι

317 523 476 612 adjungit
504 547 544 591 ea
574 524 758 609 sententia,
793 530 832 590 ut
859 530 1006 612 angatur
1035 525 1174 603 chorus,
1205 524 1235 592 si
1262 524 1337 612 quis
1365 546 1463 613 opem
1495 523 1560 590 sibi
1586 525 1718 590 laturus
1748 525 1794 591 sit
1830 525 2005 614 ,angstlicl

318 614 467 701 besongt,
489 613 535 680 ob
558 613 652 680 einer
674 613 734 680 der
755 612 913 680 Frennde
940 613 1014 680 sich
1041 613 1171 682 meiner
1191 613 1319 681 Flucht
1346 613 1543 682 annimmt.“
1592 611 1758 693 Quoniam
1781 619 1896 681 autem
1919 615 1961 681 de
1984 639 2005 681 ri

318 702 433 770 futura
459 703 608 790 quaerit,
643 701 727 768 mihi
760 724 919 790 praesens
946 723 1016 769 non
1045 709 1136 770 recte
1166 703 1317 793 positum
1350 703 1495 772 ridetur.
1542 702 1680 770 Mallem
1712 702 1820 790 igitur
1847 712 1908 771 aut
1935 707 2005 771 ἔστα

319 791 421 878 (quod
456 791 595 859 metrice
629 813 697 858 non
730 791 887 877 quadrat)
922 799 982 858 aut
1016 793 1071 858 ἐάν
1105 796 1155 875 (ἄν
1182 815 1226 872 τις
1252 795 1306 880 ᾗσι
1333 795 1386 881 να).
1435 791 1535 858 Nunc
1569 795 1599 857 εἴ
1626 815 1670 870 τις
1700 793 1764 858 ἐστί
1798 815 1874 860 cum
1903 795 2005 881 γοεδνι

318 881 527 968 ἀνθεμίζομαι
550 879 730 968 conjungo.
765 880 984 960 Querelarum
1007 881 1232 969 florescarpo
1255 883 1277 950 i.
1294 905 1322 949 e.
1347 902 1495 950 summas
1512 881 1665 968 querelas
1681 881 1868 970 erumpo*)‚
1893 883 1921 948 si
1945 884 2005 970 qui

317 977 385 1054 est,
421 971 480 1057 qui
510 992 624 1037 curam
653 970 719 1036 mei
752 969 888 1037 habeat.
934 970 1176 1059 Hypothetiee,
1210 993 1280 1038 non
1313 969 1559 1058 interrogative
1584 973 1617 1038 εἴ
1646 970 1784 1058 accipio,
1820 971 1880 1038 sed
1909 972 1959 1040 ita
1980 996 2003 1038 u

316 1059 445 1146 aliquid
477 1060 663 1148 suppleam,
695 1059 807 1126 velut:
837 1066 987 1126 testem
1017 1060 1285 1126 adhibens-
1311 1065 1355 1128 ut
1377 1059 1534 1142 audiat,
1565 1059 1594 1124 si
1622 1059 1713 1146 quis,
1743 1061 1799 1127 vel
1828 1061 2005 1148 quicunqu

315 1170 431 1215 curam
453 1149 520 1215 mei
542 1148 641 1235 gerit.
687 1148 895 1215 Genetivum
917 1153 1032 1215 autem
1055 1161 1157 1237 φυγᾶς
1179 1150 1222 1218 ad
1244 1150 1361 1238 γίεδνα
1383 1149 1593 1236 ἀνθεμίζομαι
1614 1147 1733 1233 refero,
1760 1155 1895 1235 poterat
1916 1151 2005 1218 etian

315 1237 433 1304 referri
468 1237 511 1304 ad
546 1237 756 1326 δειμαίνουσα,
793 1237 852 1304 sed
883 1237 967 1304 illud
1001 1239 1271 1325 praeferendum.
1318 1240 1383 1305 Est
1414 1239 1595 1326 genetivus
1629 1237 1783 1323 causalis,
1818 1239 1915 1327 cujus
1938 1261 2005 1308 usu

317 1328 405 1410 apud
428 1332 547 1415 poetas
569 1327 771 1394 liberrimus.
808 1327 860 1396 Of.
876 1327 993 1415 Eurip.
1010 1327 1093 1396 Hes.
1112 1329 1199 1396 1256
1223 1331 1343 1416 ἀλγεῖς·
1366 1327 1394 1394 τί
1418 1327 1546 1416 δ’ἡμᾶςς
1570 1329 1681 1406 παιδὸς
1701 1331 1761 1394 οὐκ
1777 1329 1883 1416 ἀλγεῖν
1900 1330 2005 1408 δοκεῖς

316 1417 361 1484 of.
381 1415 498 1486 Klotz.
514 1417 637 1488 Aesch.
658 1418 725 1503 Ag.
746 1419 811 1484 571
834 1420 888 1483 τδν
913 1419 1015 1498 ζῶντα
1042 1419 1178 1505 δ’ἀλγεῑν
1207 1420 1273 1506 χρὴ
1300 1428 1399 1506 τυχῆς
1427 1417 1630 1505 παλιγκότου.
1658 1417 1795 1504 Krllger
1821 1417 1858 1486 II
1887 1419 1954 1504 (Di.
1972 1419 2005 1490 S.

316 1511 336 1587 ξ
359 1508 412 1574 47.
429 1507 483 1574 m.
500 1506 542 1576 A.
563 1511 591 1575 1.
607 1529 640 1575 u.
657 1509 689 1576 δ.
706 1506 816 1594 φίλους
838 1507 880 1572 de
903 1507 1101 1573 necessariis
1124 1507 1297 1594 intellego,
1327 1507 1520 1594 germanice
1546 1506 1629 1587 ,Die
1652 1505 1815 1576 Lieben“.
1861 1505 1914 1576 Of.
1931 1507 2005 1576 infir

315 1597 382 1664 984
403 1599 443 1664 τὰ
467 1600 523 1682 μὲν
545 1596 736 1684 πραχθέντα
757 1599 838 1682 πρὸς
859 1607 933 1674 τοῦς
956 1599 1093 1684 ἐγγενεῖς
1113 1597 1309 1683 'cellensisc
1334 1596 1429 1682 ἡμᾶς,
1451 1600 1508 1674 τὰς
1530 1595 1701 1675 Δαναΐδας)
1729 1603 1849 1681 πικρῶς
1876 1599 2005 1684 ἤκουσα

316 1687 524 1770 αὐτανεψίοις,
549 1684 653 1773 Soph.
670 1685 724 1774 El.
739 1687 823 1768 3453
848 1685 929 1770 3683
960 1689 1026 1755 396
1050 1693 1085 1752 et
1107 1685 1220 1752 Krnse
1249 1687 1292 1752 ad
1316 1707 1348 1752 v.
1366 1679 1441 1754 322.
1488 1685 1576 1752 Nem
1611 1707 1678 1772 quo
1712 1685 1824 1751 minus
1857 1685 1894 1751 id
1928 1696 2005 1754 sunt

315 1773 406 1860 quod
429 1775 565 1862 propria
579 1776 634 1840 vis
654 1773 756 1860 hujus
772 1772 930 1841 vocabuli
953 1773 1055 1860 valet,
1080 1793 1120 1842 ec
1142 1774 1295 1844 acerbior
1316 1773 1451 1861 exsistit
1473 1772 1589 1842 oratio.
1628 1771 1669 1842 V.
1687 1773 1730 1840 de
1744 1773 1853 1841 ironia
1866 1775 2005 1864 Aeschy

315 1863 369 1930 lea
392 1863 537 1930 Schulze
560 1864 602 1929 de
623 1863 773 1948 ¹figurata
794 1863 959 1950 Aeschyli
982 1863 1172 1932 elocutione
1187 1863 1411 1932 Halberstadt
1432 1865 1528 1946 1854,
1551 1886 1584 1951 p.
1601 1865 1654 1932 22.
1702 1863 1800 1942 Quod
1822 1863 1914 1931 idem
1928 1865 2005 1934 Wei

316 1953 439 2019 sensit:
464 1953 565 2019 amici
588 1953 743 2040 quiesse
767 1952 945 2022 debebant.
994 1953 1061 2020 Sed
1084 1953 1121 2020 in
1144 1975 1184 2020 eo
1207 1953 1332 2023 Weilio
1353 1970 1424 2024 non
1446 1952 1579 2037 accedo,
1604 1952 1693 2039 quod
1716 1953 1866 2040 κηδεμών
1882 1955 1924 2020 de
1940 1979 2005 2022 curi

315 2041 462 2126 inimica,
485 2041 607 2109 ultrice
630 2042 810 2130 intellegit,
834 2043 1076 2132 interpretans:
1099 2043 1160 2130 ‘qui
1183 2039 1441 2138 persequuntur.

473 2150 551 2217 Non
573 2157 627 2216 est
649 2149 740 2237 qaod
764 2149 874 2217 dicam
896 2148 1163 2238 praeclarissime
1183 2147 1433 2220 Weckleinium
1456 2154 1612 2236 quartam
1635 2149 1809 2237 stropham
1834 2151 1879 2238 (v.
1895 2153 1940 2219 86
1955 2174 2002 2235 sq.

314 2238 538 2327 expedivissa
574 2241 734 2326 quoniam
762 2261 802 2307 ea
828 2245 974 2324 tantum,
1009 2238 1046 2307 in
1073 2239 1195 2327 quibus
1231 2239 1395 2306 dissentio
1421 2249 1482 2305 aut
1509 2259 1599 2307 nova
1629 2237 1751 2324 affero,
1787 2240 1949 2306 adnotare
1982 2243 2005 2306 ir

313 2329 426 2395 auimo
449 2335 513 2398 est.

472 2450 506 2497 v.
525 2429 588 2496 103
601 2450 649 2514 sq.
675 2427 794 2493 ίδίσδιυ
818 2429 892 2506 aaa
907 2430 999 2516 ’ὕβριν

675 2519 825 2604 βρότειον,
850 2522 905 2583 οία
927 2520 1030 2600 νεάζει
1053 2519 1184 2604 πυθμὴν

675 2608 712 2672 δι’
736 2609 817 2693 ἁμὸν
840 2609 944 2694 γάμον
965 2608 1111 2686 τεδαλὼς

675 2697 963 2786 δυσπαραβούλοισι
987 2697 1096 2783 φρεσίν
1120 2700 1173 2762 καί
1197 2697 1334 2762 διάνοιαν
1359 2696 1497 2782 μαίνολιν

673 2785 804 2871 κέντρον
828 2789 912 2874 ἔχων
937 2791 1086 2872 ἄφυκτον.

472 2883 646 2952 Hactenus
669 2891 814 2973 possunt
836 2884 941 2952 verba
962 2885 1127 2972 intellegi.
1173 2885 1261 2966 Tria,
1289 2892 1369 2962 tres,
1397 2892 1438 2949 ut
1459 2884 1510 2950 ita
1532 2883 1652 2960 dicam,
1681 2885 1808 2970 gradrm
1835 2885 2005 2953 chorusir

314 2972 438 3040 scelere
462 2973 757 3062 Aegyptiadarum
787 2971 985 3061 distinguit:
1020 2973 1110 3040 unde
1141 2974 1249 3040 scelus
1280 2973 1446 3078 odginmp
1479 2973 1604 3058 trehet,
1639 2993 1707 3059 quo
1741 2981 1882 3062 spectet,
1918 2976 2005 3062 quali

316 3063 460 3128 exsistet
484 3063 618 3149 (quibus
635 3062 826 3130 actionibus
842 3064 1070 3147 exardescat):
1094 3063 1284 3152 Umprnng,
1307 3063 1391 3147 Ziel,
1413 3061 1609 3150 Aullerung,
1626 3083 1769 3148 quorum
1784 3062 1921 3130 tertium
1939 3085 2005 3130 cun

314 3153 357 3216 ad
376 3152 477 3232 τέλος,
498 3153 612 3236 finem,
635 3152 822 3237 referimus,
838 3153 942 3220 etiam
958 3151 1129 3219 efficiendi
1143 3153 1241 3237 ratio,
1265 3152 1388 3237 Mittel,
1406 3151 1474 3218 dici
1487 3157 1612 3240 petest
1659 3151 1763 3238 Origo
1779 3160 1832 3218 eat
1846 3152 1883 3218 in
1897 3153 2005 3220 insane

313 3248 426 3306 mente
449 3248 575 3310 eorum.
621 3242 663 3308 Id
677 3241 775 3338 ,quod
799 3248 957 3331 spectent
978 3241 1119 3330 nuptiae
1136 3249 1225 3310 sunt.
1272 3241 1448 3310 Efficiendi
1466 3241 1554 3308 ratio
1568 3241 1605 3306 in
1627 3241 1851 3308 insectatione
1874 3265 2005 3330 paragr<

312 3328 518 3418 fugientium
540 3332 693 3412 uertitur.

475 3438 619 3524 ,Videat
645 3439 807 3527 Juppiter
834 3437 1050 3506 insolentiam
1081 3438 1274 3522 hominurn,
1305 3438 1415 3526 qualis
1445 3437 1489 3504 ad
1519 3437 1657 3524 nuptias
1688 3457 1820 3503 meeum
1851 3437 2005 3504 ineundas

316 3525 431 3614 stirpis
469 3527 587 3592 similis
624 3529 775 3615 (perinde
812 3551 851 3594 ac
886 3528 1001 3616 stirps)
1035 3529 1150 3616 pravis
1184 3527 1333 3594 consiliis
1367 3526 1536 3616 germinet
1570 3525 1716 3614 (proprie
1751 3529 1868 3608 νεάζειε
1908 3549 2005 3595 novor

315 3637 426 3681 ramos
450 3617 730 3704 procreet-quia
748 3623 820 3698 jam
843 3625 953 3703 antea,
977 3619 1097 3684 Danao
1124 3639 1229 3706 regno
1253 3623 1288 3683 et
1314 3617 1439 3684 finibus
1464 3617 1614 3702 expulso,
1639 3621 1866 3704 apparuerat),
1891 3617 2005 3682 mentia

311 3702 449 3770 insanae
473 3705 618 3772 stimulis
641 3704 778 3773 invictis
802 3709 908 3773 ecta.“
957 3707 1221 3774 Grammaticam
1245 3703 1418 3774 rationem
1435 3705 1562 3793 optime
1590 3705 1718 3772 Weckl.
1733 3705 1926 3774 illustravit.

470 3811 549 3878 Jam
574 3819 660 3900 quae
683 3821 885 3900 sequuntur:
911 3818 988 3880 ἄταν
1012 3815 1149 3902 δ’ἀπάτᾳ
1174 3816 1358 3901 μεταγνούς.
1385 3814 1479 3880 nullo
1502 3813 1603 3880 modo
1626 3834 1794 3900 assequor.
1843 3812 2005 3900 Imprimis

312 3898 458 3966 aoristus
482 3923 502 3966 a
526 3901 770 3969 sententiarum
793 3902 923 3970 ratione
949 3912 984 3969 et
1007 3903 1122 3970 ordine
1152 3902 1377 3975 alienissimus
1405 3912 1458 3968 est
1483 3925 1546 3969 nec
1575 3902 1714 3990 propius
1734 3901 1778 3968 ad
1804 3900 2005 3987 intelleptun

311 4011 424 4054 meum
447 3989 627 4060 adducitur
649 3999 710 4060 aut
733 3992 841 4080 magis
865 3993 1120 4060 commendatur
1143 3987 1347 4060 Weckleinii
1376 3991 1671 4082 interpretatione:
1700 4013 1737 4056 er
1762 4029 1802 4040 -
1826 3991 1887 4056 der
1907 3991 2005 4057 Uber·

311 4082 395 4162 mut,
419 4077 478 4144 sed
511 4085 681 4148 structura
705 4088 739 4148 et
762 4081 877 4166 verbo,
908 4082 1050 4169 πυθμήν,
1081 4081 1141 4147 der
1164 4081 1297 4174 Stemus
1321 4119 1359 4132 -
1384 4081 1446 4147 hat
1476 4079 1548 4146 sich
1579 4079 1708 4168 infolge
1739 4079 1798 4146 des
1822 4079 1932 4166 Trugs
1957 4080 2005 4146 der

311 4165 553 4234 Leidensehaft
576 4175 661 4236 stett
683 4194 761 4238 zum
784 4171 981 4238 Heilsamen
1004 4194 1047 4239 au
1070 4170 1197 4238 seinem
1220 4169 1417 4237 Verderben
1440 4169 1683 4237 entechlossen.
1730 4168 1955 4248 Quamobrem
1972 4171 2005 4235 ar

309 4253 506 4335 sanandum,
532 4279 632 4343 quem
655 4267 852 4348 corruptum
876 4260 995 4342 sentio,
1019 4260 1132 4329 locum
1155 4257 1250 4326 varia
1272 4257 1414 4342 tentavi,
1445 4281 1588 4346 quorum
1612 4265 1727 4326 tamen
1749 4257 1845 4344 nihil,
1874 4266 1913 4325 ut
1934 4281 2005 4324 vere

310 4342 430 4427 dicam,
454 4346 610 4413 omnibus
633 4351 781 4416 numeris
806 4349 889 4416 mihi
912 4349 1088 4419 satisfacit.
1136 4349 1224 4416 Sunt
1254 4348 1391 4436 quidem
1420 4348 1516 4416 haec:
1547 4351 1607 4414 ἄτα
1634 4349 1770 4414 δ’ἕπεται
1799 4355 1864 4435 μετ’
1899 4351 2005 4434 ἄλγουι

311 4432 397 4516 (sive
422 4435 586 4522 ἅχδους.);
611 4458 721 4523 poena
745 4437 907 4528 (propriez
932 4438 1069 4519 malum,
1092 4436 1271 4526 pernicies)
1295 4437 1513 4524 subsequitur
1535 4459 1613 4504 cum
1636 4436 1756 4504 acerbo
1773 4437 1898 4504 dolore.
1943 4439 2005 4504 Ad·

309 4529 467 4589 versatur
489 4533 613 4610 eutem,
638 4527 728 4612 quod
751 4527 942 4615 insequenti
959 4530 1100 4616 stropha
1115 4528 1157 4593 de
1172 4528 1313 4596 deorum
1328 4526 1453 4594 auxilio
1468 4526 1615 4614 dubitat,
1641 4549 1718 4594 cum
1734 4526 1830 4614 quasi
1846 4525 2005 4613 sepultam

311 4634 347 4677 se
369 4610 574 4682 lamentetur
596 4625 631 4681 et
646 4639 676 4680 ν.
697 4619 760 4684 154
776 4639 836 4703 sq,
860 4618 889 4682 si
913 4617 1002 4684 salus
1019 4641 1039 4682 a
1056 4617 1118 4683 deo
1135 4616 1200 4682 sibi
1222 4622 1377 4704 negetur,
1399 4617 1572 4703 laqueosa
1596 4623 1740 4684 mortem
1756 4613 1821 4684 sibi
1842 4615 2005 4684 illaturan

311 4700 475 4790 affirmet;
500 4703 637 4772 deinde:
662 4703 749 4771 ’Άτοι
769 4707 907 4794 δ’ἀπατᾷ
928 4706 1092 4792 petulcus:
1122 4705 1288 4786 Daemon,
1312 4703 1371 4793 qui
1391 4705 1567 4774 hominum
1587 4712 1719 4773 mentes
1737 4726 1846 4772 errore
1862 4705 2005 4793 implicat

312 4795 347 4854 et
369 4790 468 4879 culpe
491 4791 683 4881 obstringit,
708 4794 835 4880 decipit
863 4794 940 4880 (sibi
963 4795 1129 4880 addictos)
1155 4795 1349 4866 temerarios
1378 4801 1413 4862 et
1441 4795 1626 4881 dementes,
1655 4816 1734 4861 cum
1761 4813 1857 4884 spem
1886 4816 2001 4862 eorum

470 4971 497 5038 *)
515 4977 572 5024 τῶν
593 4976 673 5042 γόων
694 4975 725 5026 τὸ
750 4979 839 5039 aanor
863 4975 1056 5043 ἀπσδρεπομαι
1082 4972 1171 5030 schol.
1189 4973 1225 5031 cf.
1244 4972 1366 5030 Sohulae
1390 4971 1426 5028 de
1447 4973 1625 5046 imaginibus
1646 4969 1785 5044 Aeschyli
1812 4970 2005 5043 (Helberstadl

310 5037 480 5108 Programm
494 5041 574 5111 1854)
592 5059 620 5115 p.
635 5044 680 5100 10:
709 5060 839 5100 summos
855 5049 1001 5101 cruciatus
1039 5049 1173 5116 erpeticr.
1192 5045 1268 5100 Tcdt
1284 5043 1319 5100 da
1332 5043 1478 5118 Aeschylo
1496 5043 1704 5101 vocabulorum
1732 5047 1892 5115 inventore,
1920 5043 2005 5098 Pada-

197 5165 200 5172 ,
309 5113 430 5181 goginm
448 5127 485 5166 au
501 5112 585 5169 Helle
606 5116 673 5170 1855
692 5133 719 5188 p.
733 5119 766 5172 le
785 5115 967 5172 efflorescere
985 5133 1015 5172 m
1048 5115 1162 5175 ilecto.
