4122 5792
1064 262 1107 270 ,ψ
1120 262 1272 272 nnuma-..-

312 381 523 452 abstractum
544 390 549 410 ⁶
556 402 618 468 pro
640 387 810 447 'concreto
825 419 831 430 ἰ
845 401 953 467 saepe·
974 380 1056 466 poni
1085 382 1227 469 (arag.
1245 383 1338 451 1460,
1357 387 1486 468 dorca-1
1510 384 1598 463 σίξύς
1618 382 1663 448 'de
1686 382 1841 470 Helena3.
1855 381 1940 450 roh.
1953 383 1992 448 26

314 472 444 559 μὲλημα
467 471 612 557 δώματος
633 508 677 518 -
700 471 856 556 δακρυτὸς
879 470 966 548 ἐλπίς
988 471 1030 538 de
1054 470 1188 553 Oreste;
1217 472 1311 557 Sept.
1331 475 1393 541 127
1418 474 1443 538 ὦ
1467 471 1610 560 Διογενὲς
1632 473 1809 558 φιλόμαχον
1833 473 1951 556 κράτος
1977 471 1992 535 d

314 561 453 646 Rallade
476 564 553 645 etc.)
577 566 693 627 tamma
715 561 844 646 ἔφαψιν,
873 565 914 626 ut
937 581 1013 626 cnm
1038 559 1105 650 alii,
1129 567 1204 626 tum
1227 561 1361 630 Weckl.
1383 562 1469 640 vult,
1497 582 1559 647 pro
1589 582 1639 643 eo,
1668 561 1726 646 qui
1753 560 1992 648 contrectation

313 656 415 738 natus
442 647 498 734 sit,
526 648 610 738 poni
636 647 775 734 minime
797 647 887 716 mihi
916 647 1114 738 persuadeo.
1160 651 1249 716 Nam
1280 673 1357 737 cum
1385 673 1439 718 res
1458 657 1528 738 ‘pro
1562 671 1707 736 persona
1739 649 1888 736 ponitur,
1922 655 1992 737 patr

314 760 492 827 personam
516 737 613 828 quasi
635 736 903 826 complexionem
927 745 962 808 et
991 760 1159 806 summam
1185 739 1236 806 rei
1260 740 1482 828 (Inbegriff),·
1501 739 1598 826 quasi
1627 746 1800 806 auctorem
1831 747 1875 816 et,
1904 747 1944 804 ut
1971 739 1992 804 it

315 827 434 912 dicam3
450 827 648 894 'antistitem
672 825 885 914 ejusstatui,
917 849 983 914 quo
1013 825 1154 906 factum,
1187 836 1225 918 ut
1253 831 1469 917 potissimum
1491 827 1528 894 in
1554 828 1726 900 laudando
1749 836 1785 896 et
1810 827 1992 898 criminand

315 913 490 1007 (cf..Soph.
508 919 589 985 Ant.
608 919 673 984 756
696 920 842 1004 γυναικὸς
864 919 1036 1004 δούλευμα,
1069 920 1137 1008 320
1165 918 1301 1006 λάλημα
1331 921 1441 1004 δῆλον,
1475 920 1540 986 760
1569 922 1662 1003 άγετε
1688 922 1724 984 τὸ
1753 928 1854 1001 μῖσος,
1883 917 1935 984 El.
1953 920 1992 983 26

314 1008 452 1074 δύσθεον
475 1007 608 1094 μίσημα,
634 1009 696 1074 301
721 1006 743 1093 ἡ
767 1017 856 1071 πᾶσα
879 1007 1051 1098 βλάβη-
1074 1007 1311 1077 cf..Demoatb.
1327 1007 1497 1075 Phil..III.
1514 1009 1556 1075 31
1581 1009 1719 1092 ὄλεθρος
1742 1007 1784 1086 de
1800 1006 1960 1095 Philippo
1976 1045 1992 1056 -

316 1106 471 1182 σοφιστῶν
488 1095 630 1184 μηχαναί
645 1093 734 1163 Plat.
752 1095 835 1181 Leg.
853 1097 928 1164 908.
945 1096 991 1180 D)
1014 1095 1242 1186 adhiberetur.
1290 1098 1399 1178 Quam
1414 1119 1526 1176 meam
1549 1096 1753 1164 sententiam
1768 1119 1812 1164 no
1827 1095 1992 1182 ea’quider

315 1185 469 1272 exempla
491 1184 708 1268 labefactant,
732 1184 769 1249 in
791 1179 914 1271 quibus
938 1207 1062 1272 sponsa
1085 1185 1140 1252 vel
1161 1185 1287 1274 conjux
1306 1208 1368 1274 per
1389 1188 1495 1275 λόχος,
1521 1187 1606 1272 εὐνή,
1630 1186 1742 1272 γάμος,
1756 1185 1890 1252 similia
1910 1185 1992 1270 desig

314 1282 416 1340 natur
437 1273 508 1361 (ej.
524 1277 589 1342 211
613 1274 710 1362 λόχος
732 1275 944 1361 δουρισίλιυτον
967 1275 1010 1340 de
1033 1273 1221 1360 Tecmessa,
1245 1277 1329 1345 Ant.
1346 1279 1433 1344 1224
1456 1276 1530 1362 τύνη
1557 1275 1598 1362 (l)
1624 1275 1665 1338 de
1688 1274 1871 1362 Antigone,
1900 1276 1992 1340 Tracl

318 1365 403 1431 1139
428 1363 471 1443 ὡς
493 1363 556 1430 είδε
578 1365 652 1441 τοὺς
675 1365 763 1432 ἔνδον
791 1364 914 1450 γάμους
937 1363 979 1450 de
1001 1360 1095 1446 Jole3
1123 1369 1203 1432 Ant.
1220 1365 1286 1433 568
1314 1375 1432 1444 κτενεῖς
1459 1374 1595 1452 νυμφεῖα
1619 1376 1675 1430 τού
1701 1376 1817 1430 σαυτοῦ
1840 1365 1953 1432 τέκνου
1977 1365 1992 1429 d

315 1450 489 1540 Antigone
516 1491 545 1503 -
578 1474 641 1519 nos
656 1451 754 1522 item:
779 1449 998 1540 Verhtltn'is),
1024 1453 1053 1518 si
1076 1453 1213 1542 quidem
1229 1455 1350 1520 saltem
1371 1454 1604 1521 condicionem
1618 1461 1819 1542 perpetuam
1835 1451 1992 1540 declaran

315 1543 433 1630 ἔφαψις
454 1547 569 1612 autem
591 1563 698 1608 unum
722 1541 858 1628 aliquod
880 1543 1010 1610 factum
1034 1541 1215 1630 significat.
1254 1543 1397 1611 Accedit
1413 1543 1503 1632 quod
1519 1545 1637 1630 ἔφαψις
1655 1541 1803 1613 activam
1818 1541 1922 1619 habet
1937 1542 1993 1609 vin

315 1631 371 1696 hic
393 1631 531 1720 passiva
553 1652 639 1719 opus
663 1635 725 1700 est.
773 1631 999 1712 Quamobrem
1023 1652 1100 1700 cum
1123 1631 1315 1699 emendatio
1337 1631 1527 1702 necessaria
1549 1631 1635 1698 mihi
1656 1632 1823 1716 videatur,
1848 1632 1939 1719 quod
1955 1653 1993 1718 eg

315 1721 458 1805 tentavi,
492 1741 682 1810 proponere
715 1743 785 1787 non
811 1721 939 1788 ve'reor.
985 1722 1050 1788 Est
1077 1721 1214 1808 quidam
1233 1720 1321 1790 'hoct
1357 1725 1396 1809 ης
1423 1723 1577 1788 ἐπιπνοία·
1590 1721 1693 1808 Ζηνός
1720 1723 1882 1808 ἐφάπτετ’;
1919 1743 1993 1808 quar

318 1809 374 1891 (ad
398 1809 543 1876 salutem
566 1809 703 1896 quidem
727 1810 946 1894 afferendam)
963 1810 1062 1878 Jovis
1079 1809 1222 1877 afflatus
1239 1811 1363 1898 tetigit.
1402 1813 1445 1878 In
1461 1811 1652 1898 quantitate
1677 1835 1697 1876 α
1721 1809 1872 1900 syllabae
1887 1811 1993 1897 longa

315 1900 472 1983 ἐπιπνοίᾶ,
501 1899 571 1966 noir
599 1910 650 1966 est
677 1899 902 1990 haerendum,
931 1899 974 1968 cf.
996 1900 1040 1967 Κ.
1063 1901 1120 1972 W.
1141 1899 1289 1988 Kritger.
1314 1901 1360 1969 ΙΙ.
1384 1900 1439 1969 Di.
1463 1903 1496 1967 S.
1518 1899 1539 1989 β
1563 1895 1615 1968 16.
1631 1903 1663 1968 2.
1680 1899 1761 1968 At
1790 1907 1825 1966 et
1846 1899 1993 1966 Ullmam

317 1988 360 2053 de
383 1988 648 2076 proprietatibus
672 1987 836 2058 sermonis
851 1990 1044 2080 Aeschylei'
1057 2012 1136 2078 pars
1159 1989 1269 2078 prima
1285 1989 1438 2078 (Beilage
1461 2014 1488 2056 z.
1506 1990 1706 2078 Programm
1729 2000 1766 2054 1'n
1780 1989 1900 2055 Baden
1922 1991 1993 2058 188:

315 2087 349 2164 p.
368 2081 418 2146 11.
437 2077 562 2144 Orniaci
591 2079 768 2168 augmenti
797 2074 992 2170 temporalis
1015 2079 1178 2170 exempla
1206 2086 1241 2145 et
1269 2078 1336 2145 alia
1364 2078 1586 2147 inveniuntur
1607 2078 1643 2145 in
1672 2077 1822 2164 canticis,
1852 2085 1892 2144 ut
1914 2075 1993 2165 Sopl

316 2167 435 2234 Trach.
458 2171 525 2236 500
548 2162 749 2254 (ἀπότασεν),
773 2169 824 2252 cf.
844 2167 1046 2258 interpretes
1076 2177 1112 2235 et
1133 2167 1271 2254 muger
1293 2159 1340 2238 ΙΙ.
1356 2171 1410 2237 28.
1428 2172 1459 2236 3.
1475 2171 1517 2238 Α.
1534 2171 1566 2253 4,
1590 2175 1627 2234 et
1649 2167 1831 2254 singularis
1855 2167 1993 2254 quaedar

316 2257 404 2322 ratio
432 2255 489 2324 hic
518 2263 571 2322 cst
600 2257 636 2322 in
664 2255 811 2346 nominis
838 2257 1059 2346 similitudine
1090 2259 1174 2341 sita,
1206 2266 1246 2325 ut
1269 2257 1418 2346 Ἔπαφος
1441 2257 1572 2324 facilius
1601 2257 1644 2324 ab
1668 2259 1867 2344 ἐφάπτεσθαι
1896 2256 1993 2322 dedu

316 2344 452 2500 atti..
478 2339 851 2503 lllddddddld
872 2349 1050 2505 addit.
1063 2346 1195 2522 pipp.
1218 2346 1808 2524 dllidrliilldwipdllil?
1822 2343 1993 2522 illidi

317 2526 395 2588 άπτε
417 2523 461 2589 ab
485 2527 574 2590 άπτυ
597 2525 707 2608 affert,
731 2533 768 2592 et
789 2525 961 2596 Ullmann.
983 2527 1091 2608 ibid),
1119 2488 1187 2592 nis'i
1202 2460 1274 2593 (boc
1296 2526 1397 2593 modo
1421 2549 1441 2592 a
1463 2460 1611 2593 adminis
1640 2458 1862 2591 siuillisudlni
1885 2523 1993 2611 longit

318 2611 576 2683 discederemus.
622 2615 778 2703 Denique
795 2615 823 2681 si
839 2615 1041 2683 Weckleinii
1057 2617 1129 2683 vim
1151 2616 1391 2705 adspirationis
1404 2622 1614 2690 statuamus,
1638 2615 1778 2702 propius
1795 2614 1838 2680 ad
1861 2613 1993 2680 tradita]

316 2700 496 2770 lectionem
521 2703 586 2771 hoc
601 2705 702 2772 modo
726 2705 903 2772 scribendo
927 2708 1142 2774 accedamus:
1172 2707 1211 2793 ἣν
1235 2706 1378 2790 ἐπιπνοία
1398 2705 1500 2793 Ζηνός
1523 2705 1647 2791 ἔφαψεν
1667 2703 1739 2771 sive
1763 2704 1896 2790 ἐφᾰψεν,
1922 2721 1993 2788 qua:

315 2789 416 2857 Jovis
439 2793 602 2879 aspiratio
627 2797 765 2880 (amora)
788 2795 948 2866 incendit.
1050 2877 1052 2882 ι

476 2916 519 2988 V.
535 2921 581 2986 24
603 2919 644 2986 de
669 2923 711 2988 όιν
736 2922 987 2988 constructione
1011 2921 1197 2991 dubitatur.
1221 2921 1309 2987 Vide
1333 2877 1443 2988 totum
1467 2922 1593 2988 locum:

741 3029 786 3095 τίν
811 3032 848 3110 ᾷν
872 3033 927 3096 ούν
950 3031 1061 3117 χύγραν
1085 3033 1224 3114 εὔφρονα
1248 3029 1370 3116 μᾶλλον

742 3120 826 3204 τηςδ’
851 3119 1045 3206 ἀφικοίμεθα

744 3299 787 3363 ὢν
810 3299 908 3382 πόλις,
933 3301 976 3368 ὢν
998 3308 1050 3385 γῆ,
1074 3300 1127 3362 καί
1150 3298 1262 3362 λευκόν
1286 3298 1381 3381 ὕδωρ,

744 3389 856 3454 ύπατοί
877 3411 911 3454 τε
934 3389 1016 3472 θεοὶ,
1039 3388 1092 3453 καὶ
1115 3388 1277 3474 βαρύτιμοι
1342 3441 1344 3450 .

744 3477 868 3562 χθόνιοι
891 3477 999 3562 θήκας
1020 3477 1218 3562 κατέχοντες,

714 3597 716 3606 ·
744 3569 796 3632 καὶ
820 3566 899 3644 Ζεὺς
921 3567 1028 3652 σωτὴρ
1051 3567 1154 3651 τρίτος
1176 3564 1351 3650 οἰκοφύλαξ

746 3655 839 3722 ὁσίων
864 3657 996 3742 ἀνδρῶν,
1020 3655 1142 3734 δέξαιθ’
1166 3653 1272 3740 ίκέτην

435 3809 438 3818 ,
743 3747 797 3810 τόν
821 3747 984 3833 θηλυγενῆ
1008 3745 1121 3812 στόλον
1146 3792 1286 3811 .....

481 3847 569 3915 Sunt
592 3849 656 3936 quit
673 3851 727 3937 (ut
748 3851 853 3935 Weil)
882 3854 925 3920 ὢν
948 3852 992 3918 ad
1014 3850 1196 3936 insequens
1224 3849 1296 3916 θεοί
1323 3848 1486 3916 referant:
1514 3845 1580 3914 Dei
1609 3849 1733 3936 superi,
1762 3869 1904 3933 quorum
1931 3848 1993 3912 urb

320 3941 434 4014 terra.
453 3934 581 4021 liquida
611 3961 699 4027 aqua
723 3949 814 4023 sunt,
849 3948 885 4008 et
911 3940 966 4008 dei
992 3939 1104 4022 inferi,
1139 3935 1302 4026 Juppiter
1335 3937 1481 4024 denique
1509 3959 1649 4024 gregem
1682 3943 1838 4004 nostrum
1870 3936 1994 4024 recipie

320 4022 453 4094 Weckl.
469 4026 512 4092 ad
535 4029 740 4113 praecedens
762 4030 883 4118 χώραν,
909 4029 1004 4115 quasi
1028 4029 1196 4116 Ἀργείους
1214 4049 1276 4117 pro
1300 4031 1443 4114 Ἀργους
1463 4037 1558 4113 γαῖαν
1581 4027 1710 4094 dictum
1734 4026 1789 4108 ait,
1818 4032 1994 4092 structura]

321 4134 350 4180 κ.
366 4114 487 4183 σύνεσιν
510 4121 674 4186 statuens.
710 4119 780 4186 Alii
796 4119 907 4206 (Rob,
924 4119 1051 4200 Herm,
1067 4119 1184 4198 Krus.)
1203 4120 1227 4183 ύ
1244 4118 1342 4194 πόλις,
1368 4118 1450 4203 ύγη
1472 4115 1667 4202 conjectura
1690 4115 1907 4202 scripserunt.
1947 4116 1994 4201 Eg

320 4222 398 4272 cum
414 4201 619 4291 insequenti
650 4210 762 4276 στόλον
796 4210 988 4296 conjungo:
1025 4209 1133 4288 Quam
1157 4207 1193 4274 in
1226 4215 1352 4274 terram
1385 4204 1494 4292 magis
1523 4207 1587 4272 hac
1617 4205 1852 4292 (Argivorum)
1880 4205 1994 4270 amica]

319 4292 496 4377 pervenire
518 4294 711 4382 possimus?
756 4298 838 4376 Nos,
863 4321 1005 4386 quarum
1034 4319 1173 4384 gregem
1203 4294 1402 4361 muliebrem
1429 4295 1561 4362 utinam
1585 4302 1619 4362 et
1643 4295 1698 4360 dei
1720 4293 1834 4382 superi
1852 4299 1896 4359 ⁴et
1924 4293 1994 4360 infe

320 4379 508 4470 supplicem
523 4383 701 4470 recipiant!
742 4387 899 4456 Ceterum
923 4391 994 4454 θεοὶ
1017 4388 1151 4476 χθόνιοι,
1176 4371 1215 4450 ut
1229 4383 1331 4470 Weil,
1354 4385 1397 4450 de
1413 4384 1484 4450 deis
1507 4383 1636 4469 inferis,
1659 4384 1823 4460 scelerum
1845 4381 1994 4449 ultoribu

319 4478 450 4538 nouut
472 4472 599 4558 Herm„
623 4476 790 4562 βαθύτιμοι
812 4501 875 4564 pro
904 4479 1068 4566 βαρύτιμοι
1104 4474 1263 4549 scribens,
1299 4474 1341 4539 de
1371 4473 1530 4544 heroibus
1558 4473 1730 4560 intellego.
1777 4473 1866 4540 Sunt
1888 4472 1992 4558 quih

320 4567 389 4626 tres
412 4559 488 4649 illos
512 4561 651 4630 deorum
676 4565 809 4642 ordines
834 4566 1018 4652 significari
1040 4571 1173 4652 putent,
1197 4563 1319 4649 quibus
1335 4564 1371 4630 in
1394 4563 1560 4632 conviviis
1582 4563 1693 4651 prima
1714 4563 1833 4632 libatio
1856 4563 1948 4634 facta
1968 4561 1994 4628 si

322 4647 372 4717 Of.
391 4649 472 4738 Hug
494 4651 538 4717 ad
553 4652 706 4720 Platonis
723 4654 927 4743 Symposion
946 4659 1018 4740 176,
1042 4657 1075 4722 Α
1098 4655 1172 4742 (op.
1188 4656 1234 4738 4).
1793 4681 1795 4687 ’

480 4800 512 4846 v.
530 4779 583 4845 32.
613 4784 685 4865 πρὶν
713 4780 798 4845 πόδα
825 4781 933 4869 χέρσῳ
961 4782 1030 4868 τηδ’
1059 4781 1091 4846 ἐν
1121 4777 1263 4844 ἀσώδει
1287 4779 1399 4844 θεῖναι.
1445 4778 1569 4858 Kruse,
1592 4778 1724 4846 Weckl.
1741 4799 1819 4844 cum
1842 4777 1994 4843 scholiasr

322 4872 357 4930 et
378 4865 551 4954 Hesychio
574 4870 757 4957 ψαμμώδης
778 4869 1082 4957 interpretantibus
1106 4889 1316 4935 arenosam
1337 4871 1509 4954 Argorum
1531 4889 1625 4934 oram
1647 4867 1862 4954 intellegunt,
1885 4867 1994 4935 Home

321 4976 443 5042 nempe
476 4956 562 5024 illud
595 4959 781 5046 πολυδίψιον
804 4959 928 5048 Ἀργος
949 4957 1178 5046 respicientes.
1218 4956 1284 5023 Sed
1309 4961 1377 5036 άσις
1405 4955 1539 5040 limum,
1573 4980 1643 5024 non
1665 4977 1812 5043 arenam,
1844 4957 1994 5045 significa

322 5043 435 5125 Quid?
482 5045 518 5114 Si
547 5047 752 5116 Bursianum
780 5047 957 5118 audiamus
987 5047 1216 5138 (Geographie
1245 5069 1276 5115 ν.
1301 5045 1550 5114 Griechenland
1574 5048 1612 5114 B.
1635 5047 1680 5114 H.
1703 5071 1735 5135 p.
1751 5050 1793 5115 41
1819 5047 1859 5113 A.
1883 5053 1916 5130 2)
1942 5048 1994 5110 har
