4122 5792
838 154 1049 250 -2-8-

92 456 284 543 germanice
307 478 380 521 eam
403 455 554 520 reddere.

252 584 327 649 971.
358 585 438 646 ὅπου
466 581 563 656 τόπος
592 584 727 665 εὔφρων.
776 578 904 645 Weckl.
930 579 1033 644 allata
1064 577 1215 643 Schtitaii
1250 577 1544 665 interpretatione:
1580 579 1747 646 habitatio
1776 602 1797 645 a

94 693 161 756 qua
194 671 312 758 procul
347 669 434 734 absit
467 668 598 734 invidia
624 691 695 754 ,wc
724 668 787 735 wir
816 667 962 734 wchnen
985 675 1132 751 mtissen,
1168 690 1268 733 wenn
1290 668 1353 733 wir
1375 667 1612 736 wohlwollend
1635 668 1797 735 beurteilt

93 760 229 826 werden
252 760 406 825 wollen“.
446 759 540 824 Haec
564 759 605 823 ad
630 780 704 822 eam
728 757 894 823 rationem
917 757 1069 841 redeunt,
1095 779 1193 842 quern
1219 779 1322 844 supra
1346 757 1388 822 ad
1412 780 1443 823 v.
1465 762 1479 824 l
1503 765 1538 823 et
1556 760 1620 826 168
1644 759 1698 838 (cf.
1717 761 1797 844 437)

93 847 314 915 Dettweilero
350 854 486 914 auctore
521 847 676 934 exposui,
717 847 903 912 secundum
938 868 1039 931 quam
1073 846 1280 932 adjectivum
1316 846 1541 947 compositum
1574 847 1611 912 in
1644 847 1797 934 genetivi

94 938 256 1004 abstracti
278 937 424 1004 nominis
448 938 559 1002 locum
583 935 743 1002 succedit.
784 935 867 1000 Mihi
892 935 1029 1021 quidem
1052 935 1180 1000 hict
1125 958 1164 1002 ao
1166 935 1237 1002 tiva
1254 935 1416 1036 adjectivi
1438 936 1491 1001 vis
1514 935 1699 1022 simplicior
1720 959 1797 1022 pro-

93 1027 234 1114 piorque
257 1027 394 1092 videtur
417 1049 499 1102 esse,
524 1033 563 1091 ut
585 1027 681 1102 τόπος
704 1023 862 1110 εὔφρων
852 1048 888 1090 ιιι
890 1025 1073 1110 tellegatur
1094 1025 1187 1091 locus
1212 1025 1362 1091 animum
1386 1024 1569 1101 oblectans,
1595 1025 1795 1103 exhilarans,

95 1118 186 1202 quod
210 1117 301 1182 idem
325 1139 402 1182 cum
426 1123 538 1181 animo
562 1122 730 1202 acceptus,
755 1113 907 1201 geiallig,
932 1113 1169 1180 willkommen.

255 1241 585 1326 stercoranistae
609 1243 661 1304 καὶ
684 1239 823 1326 ἀμηνίτῳ
845 1241 886 1328 βα
866 1239 930 1318 άξει
954 1241 1039 1306 λαῶν
1063 1242 1095 1306 ἐν
1119 1240 1215 1327 χώρῳ
1239 1242 1409 1305 τάσσεσθε.
1446 1240 1534 1304 Illud
1557 1240 1651 1318 ξόντ’
1670 1242 1797 1327 εὐκλείᾳ

93 1334 146 1396 καὶ
182 1331 320 1416 ἀμηνίτῳ
356 1331 441 1418 βάξει
465 1329 748 1415 quemadmodum
779 1328 994 1403 intellexerit
1019 1328 1098 1394 Wk.
1123 1350 1192 1394 ιιοιι
1224 1329 1367 1415 aperuit.
1414 1329 1571 1415 Droysen
1605 1337 1641 1394 et
1674 1330 1796 1413 Kruse,

94 1421 151 1484 ille
178 1420 262 1500 ,Mit
285 1421 345 1484 der
367 1420 466 1484 Feier
489 1420 548 1483 des
572 1419 704 1483 Ruhms
727 1418 797 1483 und
826 1419 902 1484 dem
920 1417 1014 1483 Grull
1038 1418 1097 1483 des
1115 1418 1269 1502 Gesangs
1293 1418 1349 1482 fiir
1372 1417 1431 1482 des
1447 1418 1575 1484 Volkes
1589 1418 1688 1483 Heil“
1694 1418 1795 1502 ,hic:

99 1509 182 1595 „mit
206 1509 267 1574 der
289 1508 388 1574 Feier
411 1509 469 1573 des
494 1507 597 1572 Lieds
620 1508 690 1572 und
714 1506 973 1592 gewinnendem
996 1507 1107 1591 Wort,
1137 1530 1180 1572 an
1209 1506 1269 1572 der
1291 1507 1430 1572 Heimat
1452 1506 1586 1594 Btirger
1607 1507 1795 1594 gerichtet“

95 1606 282 1664 verterunt.
322 1598 412 1663 Huic
434 1598 558 1662 rationi
582 1597 716 1662 obstare
739 1604 833 1683 puto,
866 1597 956 1682 quod
986 1597 1029 1661 ad
1058 1596 1185 1682 gratias
1209 1595 1348 1682 Argivis
1373 1597 1524 1683 agendas
1548 1596 1799 1683 honoribusque

96 1711 154 1753 ecs
177 1688 428 1773 prosequendos
444 1689 584 1752 Danaus
608 1687 744 1751 demum
767 1685 854 1751 filias
878 1686 1077 1752 adhortatur
1100 1688 1139 1766 (ri)
1164 1687 1282 1763 παῖδες,
1308 1687 1492 1772 Ἀργείοισιν
1517 1687 1670 1774 εὔχεσθαι
1693 1687 1798 1774 χρεών

97 1784 240 1862 atquae
264 1783 356 1862 seq),
392 1782 431 1840 ut
463 1798 532 1841 ιιοιι
567 1782 646 1862 apte
680 1775 773 1862 ipsae
808 1776 873 1841 hoc
895 1775 1035 1841 consilio
1059 1783 1240 1863 praecepto
1270 1775 1407 1839 ancillas
1438 1775 1584 1840 excitare
1607 1775 1798 1842 videantur.

98 1866 207 1945 Quam
232 1866 275 1931 ob
300 1887 436 1930 oausam
458 1864 630 1952 passivam
652 1865 708 1929 hic
731 1865 896 1931 rationem
914 1887 1049 1950 sequor:
1075 1887 1152 1930 cum
1168 1863 1363 1930 bonafama
1379 1871 1414 1928 et
1430 1864 1501 1930 sine
1517 1864 1646 1930 invidia
1662 1864 1798 1932 civium.

98 1956 225 2021 (lavere
246 1953 420 2041 jubentur,
443 1977 487 2019 ne
510 1955 546 2018 in
569 1953 743 2019 infamiam
760 1962 794 2020 et
813 1955 898 2019 iram
914 1953 1041 2019 civium
1055 1954 1211 2041 neglecta
1225 1953 1383 2018 muliebri
1397 1954 1601 2020 verecundia
1616 1954 1799 2020 incurrant.

99 2043 229 2111 Similia
258 2050 356 2130 pater
379 2067 481 2130 supra
510 2043 601 2130 ipsas
629 2043 716 2108 filias
745 2047 790 2126 (v.
809 2046 873 2111 194
896 2066 944 2130 sq.
970 2045 1115 2109 αῖδοῖα-
1123 2046 1183 2128 ἔπη
1210 2043 1396 2130 ἀμείβεσθαι
1419 2043 1540 2127 πρέπει,
1570 2043 1801 2158 potissimum·

98 2157 163 2220 que
193 2136 254 2200 197
287 2134 516 2220 φθογγῇπ
446 2134 516 2198 δ’ἐπ
518 2133 598 2198 ἐστι)
628 2144 739 2217 πρῶτα
767 2137 822 2219 μὲν
852 2137 887 2198 τὸ
917 2135 960 2219 μὴ
985 2134 1103 2218 θρασίι,
1136 2141 1171 2197 et
1193 2135 1259 2200 203
1283 2134 1517 2218 θρασυστομεῖν
1540 2137 1603 2218 γὰρ
1629 2137 1665 2199 οὐ
1690 2133 1802 2218 πρέπει

98 2224 644 2413 {ttttttt‘ltttttffftt
669 2229 800 2398 tit?
817 2224 909 2396 «99ιῖ
919 2223 1154 2378 Statili.
1176 2221 1802 2399 999ῗί9ορἷὲίᾛὲιίΐβίῖίίιῗί

99 2401 269 2468 dicturum
292 2400 405 2468 fuisse.

259 2528 325 2595 989
346 2528 473 2592 τοιῶνδε
496 2528 709 2613 τυγχάνοντας
732 2530 893 2612 εὐπρυμνῆ
918 2531 1032 2611 φρενός

349 2619 441 2701 χάριν
466 2616 617 2704 σέβεσθαι
639 2616 821 2701 τιμιωτέραν
845 2618 933 2702 ἐμοῦ.

260 2741 390 2808 Weckl.
414 2742 541 2808 τοιῶνδε
572 2742 620 2806 δεῖ
607 2743 801 2829 ῖτυχόντας
831 2763 878 2826 sq
904 2741 1049 2828 scripsit,
1079 2763 1180 2826 quam
1209 2741 1411 2832 scripturam
1435 2763 1494 2807 cur
1522 2763 1591 2807 ιιοιι
1614 2741 1802 2817 admittam,

101 2831 190 2896 infra
214 2836 255 2896 ad
279 2854 311 2897 v.
331 2833 417 2899 1019
440 2852 616 2917 exponam.

261 2978 292 3022 v.
311 2957 374 3022 991
400 2979 448 3041 sq.
473 2959 526 3021 καί
549 2967 647 3021 ταῦτα
671 2957 921 3043 μὲνγράψεσθε
945 2959 1025 3041 πρὸς
1047 2956 1277 3042 γεγραμμένοις

475 3046 593 3132 ἀγνῶθ’
621 3047 727 3130 ὅμιλον
752 3046 795 3123 ὡς
818 3046 1010 3132 ἐλέγχεσθαι
1034 3047 1150 3132 χρόνῳ.

123 3235 126 3240 .
266 3170 342 3235 Wk.
367 3170 515 3236 mutavit
537 3169 572 3234 in
597 3173 699 3256 ἀγνὼς
722 3172 829 3256 ὅμιλος
853 3171 895 3248 ὡς
916 3172 1087 3258 ἐλέγχεται,
1112 3179 1151 3235 ut
1167 3170 1251 3237 mihi
1267 3171 1403 3256 quidem
1419 3171 1563 3254 videtur,
1588 3173 1661 3236 sine
1685 3172 1807 3237 idonea

107 3282 218 3337 causa,
243 3258 272 3324 si
288 3259 422 3344 quidem
438 3258 503 3324 hoc
520 3260 741 3325 ἀνακόλουθον
758 3260 943 3325 accusativi
963 3284 989 3327 c.
1008 3259 1101 3326 infin.
1118 3266 1198 3347 post
1214 3260 1256 3338 ὡς
1272 3259 1341 3343 (vel
1357 3261 1424 3344 ότι),
1449 3259 1646 3326 confusione
1663 3260 1806 3328 duarum

105 3347 394 3415 constructionum
433 3355 558 3426 crtum,
597 3349 870 3434 frequentissime
909 3371 971 3414 nec
1011 3348 1120 3413 solum
1154 3348 1338 3428 interjectis
1382 3349 1511 3433 verbiS,
1551 3357 1591 3413 ut
1629 3357 1808 3415 excusetur

104 3437 331 3525 neglegentia,
356 3437 415 3502 sed
437 3437 539 3502 etiam
555 3439 715 3503 continua
731 3445 901 3504 structura
916 3437 1110 3508 admissum.
1151 3438 1200 3504 of.
1220 3437 1322 3524 Soph.
1342 3438 1379 3504 Ο.
1398 3437 1435 3505 O.
1452 3441 1517 3506 385
1541 3441 1603 3524 ἤδη
1627 3443 1690 3524 γάρ
1715 3441 1807 3526 ἔσχες

107 3529 203 3592 ἐλπίδ’
223 3527 265 3604 ὡς
280 3529 358 3612 ἐμοῦ
375 3529 472 3604 θεοὺς
488 3529 573 3611 ὤραν
588 3535 641 3592 τιν’
660 3527 746 3606 ἕξειν,
764 3552 795 3594 v.
811 3528 1067 3611 Schneidewin,
1086 3527 1128 3592 ad
1143 3527 1303 3614 Aeschyl.
1319 3529 1450 3592 Eumen
1492 3531 1558 3596 798
1573 3537 1804 3593 revocantem:

108 3621 201 3694 αὐτὸς
223 3618 263 3702 ἦν
288 3619 304 3682 ό
329 3627 506 3702 μαρτυρῶν,
532 3617 575 3694 ὡς
589 3624 673 3681 ταῦτ’
691 3616 847 3702 Ὀρέστην
872 3619 994 3702 δρῶντα
1011 3619 1054 3703 μὴ
1072 3617 1191 3704 βλάβας
1207 3620 1299 3704 ἐχειν.
1342 3617 1392 3681 Ex
1407 3617 1638 3704 Xenophonte
1655 3618 1809 3705 exempla

107 3706 388 3771 Bfichsenschiitz
413 3709 453 3769 ad
478 3705 629 3774 Ηε11.ΙΙ.
647 3707 715 3772 99
741 3706 894 3772 contulit.
935 3705 985 3773 of.
1003 3705 1141 3790 Krtiger
1164 3705 1183 3792 β
1207 3709 1260 3772 55.
1278 3710 1308 3771 4.
1334 3707 1373 3772 A.
1396 3708 1446 3774 10.

268 3830 343 3897 997.
370 3833 455 3914 ὥραν
479 3832 618 3917 ἐχούσας
639 3832 725 3916 τήνδ’
751 3833 952 3916 ἐπιστρεπτὸν
977 3833 1111 3918 βροτοῖς.

270 3955 381 4023 Schol.
394 3957 450 4038 τὴν
463 3955 711 4040 ἐπιστρέφουσαν
724 3959 767 4034 είς
778 3957 868 4024 θέαν.
905 3957 1087 4023 Activam
1079 3957 1126 4042 igi
1129 3964 1185 4021 tur
1197 3955 1358 4042 adjectivi
1370 3955 1515 4022 verbalis
1528 3956 1707 4057 significat
1698 3978 1810 4022 ronam

111 4045 233 4145 statuit
236 4066 342 4146 ‚quae
355 4043 456 4110 etiam
466 4045 617 4131 Ohoeph.
626 4048 726 4131 350Jt
728 4050 914 4131 crotperthi
927 4049 984 4111 αἰῶ
997 4047 1105 4123 κτίσας
1116 4047 1324 4134 πολύχωστον
1338 4049 1415 4112 dvi
1388 4069 1403 4110 ε
1415 4068 1471 4132 χες
1481 4046 1617 4131 τάφον)
1608 4046 1809 4126 invenimus,

111 4133 255 4219 quaein
278 4133 473 4201 universum
500 4156 591 4218 rare,
623 4140 737 4200 tamen
760 4135 816 4200 hic
838 4135 906 4200 illic
931 4136 1084 4201 occurrit.
1120 4135 1160 4202 V.
1178 4136 1377 4201 Buttmann.
1390 4133 1565 4202 Ausftihrl.
1590 4135 1810 4222 Sprachlehre

111 4225 230 4309 §loa
255 4231 296 4289 A.
322 4225 352 4307 6,
377 4224 418 4290 A.
443 4186 608 4289 Matthiae
632 4230 651 4305 ξ
675 4228 751 4292 990.
775 4229 806 4290 9.
831 4228 904 4293 9ο.
929 4225 979 4308 Ε,
1005 4225 1048 4291 K.
1066 4225 1120 4292 W.
1137 4225 1275 4310 Krtiger
1297 4223 1316 4309 β
1340 4225 1394 4291 41.
1413 4226 1463 4292 ll.
1487 4225 1529 4292 A.
1546 4227 1598 4290 96.
1639 4224 1707 4291 Sed
1730 4247 1810 4310 quc·

110 4313 212 4378 mode
236 4275 371 4378 dativiis
395 4313 662 4378 construendus?
701 4315 754 4378 Ex
777 4276 979 4378 Weckleinii
1009 4313 1248 4399 explicatione·
1288 4311 1420 4398 ,selcha
1444 4312 1688 4400 Jugendbliite,
1723 4247 1812 4380 iiach

110 4402 258 4467 welcher
285 4401 357 4466 sich
386 4402 439 4466 die
463 4403 648 4468 Menschen
670 4402 887 4479 hinwenden‚
922 4403 1048 4467 welche
1077 4402 1137 4466 das
1159 4402 1260 4488 Auge
1288 4402 1348 4467 der
1370 4401 1480 4469 Leute
1509 4401 1572 4468 auf
1597 4402 1670 4468 sich
1697 4402 1806 4468 zieht“

112 4513 172 4576 pro
196 4498 288 4557 certo
307 4489 455 4576 judicari
476 4513 545 4556 non
568 4499 691 4580 potest
730 4491 805 4578 Ego
823 4492 897 4556 adt
882 4494 1021 4579 ἐχούσας
1044 4513 1121 4554 eum
1143 4492 1262 4575 refero,
1286 4514 1392 4578 prope
1416 4493 1457 4558 ad
1482 4495 1688 4579 παρεχούσας
1710 4513 1812 4558 sensu

113 4581 290 4646 accedens:
321 4581 607 4665 pulchritudinem
635 4582 739 4646 talem
767 4581 931 4648 hahentes
959 4579 1202 4645 hominibus
1176 4602 1248 4646 sive
1278 4581 1489 4668 praebentes
1520 4580 1811 4681 ostendentes‚t
1771 4589 1811 4647 ut

113 4671 227 4735 oculos
241 4692 354 4736 eorum
371 4670 408 4734 ιιι
420 4693 456 4735 se
468 4692 592 4736 conver
593 4677 734 4735 t.ant-
747 4670 814 4736 Sed
830 4670 998 4736 fortasse
989 4692 1026 4734 ιιι
1040 4669 1184 4756 ipst
1130 4668 1184 4754 adj
1189 4669 1299 4736 ectivc
1315 4671 1444 4736 verbali
1460 4693 1505 4735 sc.
1522 4669 1555 4735 in
1573 4632 1811 4736 terminatione

113 4759 165 4823 vis
188 4758 286 4843 inest,
310 4759 400 4824 unde
425 4759 559 4824 dativus
583 4759 730 4860 pendere
752 4759 874 4846 possit;
907 4759 1018 4824 valere
1042 4758 1132 4824 enim
1156 4765 1286 4825 statuas
1303 4761 1485 4847 ἐπιτήδειον,
1509 4759 1643 4860 proprie
1667 4761 1810 4844 δυνατὴν,

114 4810 339 4948 ἐπιστρέφειν
330 4871 351 4913 1
369 4872 396 4915 e.
421 4849 577 4914 idoneam
601 4847 793 4914 hominibus
818 4849 860 4914 ad
884 4871 940 4913 ecs
965 4850 1220 4914 convertendos.
1262 4847 1376 4914 Tertia
1399 4849 1445 4912 sit
1466 4849 1563 4932 ratio,
1588 4870 1673 4934 quae
1696 4856 1811 4916 tamen

113 4936 253 5002 minime
277 4937 417 5014 arridet,
447 4946 486 5002 ut
514 4938 768 5022 ἐπιστρέφεσθαι,
798 4937 956 5014 medium,
986 4937 1087 5024 idque
1115 4938 1206 5002 idem
1229 4961 1267 5004 ac
1290 4937 1455 5003 rationem
1480 4901 1617 5014 habdre‚
1646 4938 1810 5025 respicere

114 5026 318 5111 significans
343 5049 382 5091 ec
406 5026 570 5092 contineri
593 5035 702 5114 putes.
745 5027 831 5093 Tum
855 5027 990 5094 dativus
1014 5028 1070 5093 ille
1094 5027 1240 5116 subjecti·
1262 5028 1317 5095 vel
1340 5027 1487 5098 auctoris
1510 5027 1570 5095 sit:
1595 5027 1743 5115 pulchrit
1729 5028 1811 5093 tudo
