4122 5792
944 155 987 220 26

858 247 1070 255 *a—

114 368 293 454 desperata
317 389 378 432 nec
401 365 621 452 probabiliter
643 366 754 430 adhuc
778 367 954 434 emendata
978 372 1066 432 sunt.
1106 367 1226 452 Egoq
1205 365 1350 460 (uidem
1365 371 1439 460 tent
1441 365 1546 450 ιινιι.

469 515 473 540 ι
540 473 712 558 ὀίαιμόνσ’
740 475 798 554 tte

538 564 585 626 ἐπ’
611 563 705 647 άμαλ’
714 563 933 647 *)ἤσ’ἑκου-

539 650 606 716 σίαν
632 651 752 718 ἀπιτέα.

272 779 366 844 Ηιοο
389 777 455 843 sibi
477 778 611 843 volunt:
637 777 764 842 Cruent
750 783 821 843 tam
840 785 875 843 te
895 778 1055 844 colloco
1046 802 1081 842 m
1104 779 1194 862 navi,
1219 786 1279 844 aut
1301 733 1362 844 tua
1385 743 1505 864 sponte
1529 776 1592 842 tibi
1616 776 1815 844 abeundum

116 869 136 936 i
163 891 190 936 e.
215 868 281 933 nisi
305 877 425 955 sponte
393 866 557 932 tabibis
583 866 638 950 (ab
662 870 744 949 ιιι).
752 867 799 948 **)

347 994 422 1060 864
448 993 514 1057 Pro
538 992 590 1078 βίᾳ
615 992 666 1078 βία
688 1014 722 1056 τε
745 993 850 1079 πολλᾷ
874 996 1000 1079 φροῦδα

538 1083 644 1167 βάτεαι
667 1082 931 1167 βαθυμιτροκακὰ
954 1085 1068 1149 παθῶν

538 1171 685 1254 ὀλόμεναι
708 1173 867 1257 παλάμαις

112 1285 182 1328 non
204 1263 292 1328 male
316 1261 447 1328 Weckl.

434 1387 486 1475 βίᾳ
510 1388 563 1473 βίᾳ
587 1389 713 1472 φροῦδα
736 1387 834 1475 βατέα
858 1387 1023 1474 βαθμίδων

588 1479 742 1562 ἀπάλαμα
764 1478 916 1561 πρόκακα
938 1478 1010 1560 πρὶν
1034 1476 1161 1540 παθεῖν.

272 1604 347 1688 Ego
372 1601 485 1668 olim
475 1625 511 1666 ιιι
535 1602 641 1667 altaro
665 1609 892 1669 tentaveram:
917 1601 1034 1666 παθεῖν
1058 1602 1129 1684 πρὶν
1154 1600 1243 1664 αὔλια
1266 1601 1435 1684 παλάμαις.

272 1711 338 1776 873
362 1711 431 1790 ἴυζε
455 1712 507 1774 καὶ
531 1711 662 1790 λάκαζε.
709 1710 761 1774 De
784 1711 916 1790 λακάζω
940 1731 973 1775 v.
989 1707 1087 1772 Todt.
1106 1730 1139 1792 p
1155 1709 1209 1772 48.

271 1818 338 1885 875
362 1819 432 1898 ἴυζε
453 1819 507 1882 καὶ
531 1817 592 1904 βόα
614 1817 771 1902 πικρότερ’
797 1816 902 1904 ἀχέων
928 1817 1034 1896 οἰζύος
1057 1817 1145 1898 ὄνομ’
1170 1815 1263 1900 ἔχων

274 1924 407 1990 Scribo:
432 1925 502 2004 ἴυζε
525 1925 578 1988 καὶ
604 1924 664 2010 βόα
686 1925 844 2008 πικρότερ’
871 1924 1016 2008 ἀηδόνος,

111 2040 152 2097 ut
175 2031 328 2097 trimeter
351 2031 502 2096 exsistat.
543 2029 669 2106 Quae
660 2053 696 2095 ιιι
723 2029 818 2094 libris
842 2029 1025 2098 accedunt:
1050 2030 1159 2108 οϊζύος
1183 2031 1311 2114 ὀνομ’ἔ
1312 2050 1426 2117 χων
1402 2027 1489 2093 nihil
1512 2034 1591 2094 sunt
1613 2027 1678 2094 nisi
1701 2030 1815 2115 glossa

113 2128 270 2208 corrupta
294 2121 337 2185 ad
359 2119 572 2204 insequentia
597 2122 667 2196 οἰοῖ,
693 2121 764 2196 οἰοῖ,
788 2119 910 2204 quibus
926 2118 1040 2184 neseio
1058 2117 1133 2203 quis
1150 2117 1337 2183 doctrinam
1353 2105 1433 2204 prae
1450 2139 1486 2184 se
1502 2117 1612 2183 ferens
1628 2115 1813 2204 adjecerat:

113 2215 219 2293 οἰζύος
241 2213 381 2296 ὀνομαέ
366 2211 467 2277 ἔ.νθεν

270 2339 346 2405 877.
373 2338 444 2421 οἰοῖ,
470 2338 532 2400 οἰοῖ

368 2427 504 2510 λυμασισ
527 2426 806 2513 ὑπρογασυλάσκοι

272 2553 363 2637 Lege
381 2557 456 2616 aut:
482 2552 553 2633 0505,
572 2552 633 2615 0505
648 2550 801 2635 λύμας·“
782 2571 824 2626 ως
839 2550 900 2614 ὑπό
916 2561 975 2635 γᾶς
990 2550 1147 2626 ὑλάσκοις.
1155 2549 1257 2634 ***)„
1262 2549 1333 2614 Vae
1350 2548 1574 2615 contumeliae
1589 2548 1673 2614 mihi
1688 2549 1813 2613 illatae.

112 2645 166 2709 Sic
190 2643 252 2707 sub
275 2647 366 2705 terra
388 2639 565 2725 gannias‘t
604 2638 710 2725 Optat
739 2639 885 2724 quidem,
915 2645 954 2703 ut
978 2639 1146 2739 quomodo
1175 2661 1266 2703 nunc
1293 2661 1355 2725 per
1376 2639 1602 2716 insolentiam,
1627 2637 1676 2703 sic
1699 2638 1813 2704 dolore

113 2757 154 2798 ex
178 2729 382 2797 cruciatibus
406 2737 564 2816 suscepto
589 2729 625 2793 in
648 2728 832 2794 inferorum
861 2728 940 2793 sede
963 2727 1103 2828 ganniat
1132 2727 1182 2813 (Si
1207 2729 1249 2804 ὡς
1272 2727 1397 2794 scribat
1383 2735 1489 2811 tur„
1494 2727 1626 2793 utinam
1649 2728 1810 2814 gannias“

113 2827 232 2905 sonet).
283 2819 350 2884 Sed
373 2819 492 2884 melius
516 2818 669 2901 fortasse,
695 2817 760 2882 etsi
782 2840 803 2882 a
826 2817 953 2883 tradita
977 2817 1144 2904 scriptura
1167 2818 1343 2883 remotius:

538 2927 608 3008 οἰοῖ,
634 2927 705 3008 οἰοῖ,

536 2976 638 3100 λὺμιις
662 3026 719 3091 σάς
741 3015 804 3099 πρό
829 3036 867 3099 με
889 3025 932 3099 γᾶ
954 3016 1120 3101 κατάσχοι.

271 3143 471 3226 Priusquam
496 3140 735 3205 contumeliam
758 3148 853 3204 tuam
877 3139 908 3224 (a
930 3139 979 3224 te)
1002 3139 1182 3225 perpetiar,
1208 3145 1297 3204 terra
1319 3160 1374 3203 me
1397 3098 1541 3206 hauriat.

270 3271 335 3336 915
358 3269 411 3331 καὶ
433 3266 565 3330 πόλλ’“
550 3269 698 3350 αμαρτὼν
723 3266 814 3329 οὐδὲν
839 3264 998 3348 ὤρθωσας
1020 3265 1117 3348 φρενί.

273 3391 402 3458 Weckl
427 3391 510 3454 haec
533 3389 637 3455 verba
660 3411 728 3455 non
752 3388 945 3474 explicavit.
976 3389 1041 3454 Att
1027 3396 1141 3454 tamen
1169 3388 1205 3452 ιιι
1228 3389 1452 3474 tautologiam
1476 3388 1619 3454 evadere
1642 3389 1810 3465 videntur,

112 3483 140 3548 si
163 3481 341 3548 vertimus:
368 3481 453 3545 Cum
476 3479 584 3544 multa
606 3477 808 3565 peccaveris,
833 3478 919 3542 nihil
941 3484 1031 3542 recte
1052 3477 1172 3544 fecisti.
1212 3479 1259 3542 Et
1281 3499 1347 3563 quo
1371 3479 1460 3563 φρενί
1483 3477 1720 3543 referendum?
1757 3478 1812 3544 Ad

99 3580 292 3655 utrumque
316 3569 513 3652 membrum,
537 3575 577 3632 ut
600 3571 717 3633 ante
702 3571 850 3653 αμαρτὼν
874 3568 986 3632 locum
1009 3566 1134 3632 habeat
1156 3567 1228 3650 (sed
1251 3589 1321 3633 non
1335 3591 1413 3632 men
1415 3575 1449 3632 te
1415 3568 1573 3632 tsolum
1588 3571 1812 3680 peccaverat),

111 3684 155 3727 an
171 3662 212 3726 ad
231 3660 390 3745 ὤρθωσας
406 3666 440 3723 et
459 3680 525 3744 qua
540 3657 729 3723 sententia?
764 3658 910 3722 Necesse
926 3666 978 3721 est
994 3658 1114 3741 ὀρθοῦν
1135 3657 1211 3744 plus
1228 3679 1329 3742 quam
1345 3658 1550 3722 contrarium
1565 3665 1608 3741 τῷ
1625 3659 1813 3742 ἁμαρτάνειν

112 3774 195 3816 esse.
234 3751 355 3816 Potest
378 3770 461 3826 esse,
485 3747 575 3833 quod
598 3748 702 3833 vulgo
727 3746 938 3831 ἐπανορθοῦν,
970 3769 1098 3825 sanare,
1126 3746 1248 3811 sarcire
1278 3745 1423 3848 „wieder
1444 3753 1509 3833 gut
1531 3745 1706 3814 maehent.
1746 3745 1813 3812 Sed

111 3863 174 3905 nec
198 3861 299 3904 eausa
323 3837 512 3923 corrigendi
534 3859 596 3901 nec
618 3836 836 3901 intervallum
858 3837 949 3900 inter
969 3835 1111 3922 injurias
1135 3837 1310 3937 praeconis
1327 3843 1361 3900 et
1376 3835 1466 3922 regis
1482 3835 1668 3900 adventum
1691 3835 1812 3918 fuerat,

111 3937 151 3994 ut
174 3929 253 3994 huic
276 3928 379 3994 verbo
402 3927 496 3992 locus
520 3925 573 3992 sit.
613 3926 679 3991 Ροι
665 3933 733 3990 test
756 3947 838 4008 esse,
868 3925 988 4006 quod
980 3949 1016 3991 ιιι
1038 3925 1188 4012 pedestri
1211 3925 1362 3991 oratione
1385 3924 1577 4009 κατορθοῦν,
1610 3924 1699 4011 quod
1723 3931 1813 3990 recte

113 4018 184 4084 sive
207 4039 367 4104 prospero
399 4025 524 4080 eventu
551 4037 622 4079 rem
649 4037 766 4101 gerere
795 4014 973 4100 significat.
1012 4016 1087 4081 Hoc
1117 4014 1253 4096 quidem
1282 4037 1423 4101 gravem
1446 4023 1481 4078 et
1503 4014 1715 4100 perspicuam
1739 4035 1812 4078 sen-

112 4107 253 4173 tentiam
282 4104 460 4194 praebeat:
497 4106 583 4171 Qum
612 4105 719 4170 multa
748 4103 915 4170 violenter
944 4125 1114 4190 praveque
1139 4104 1268 4186 feceris,
1300 4113 1415 4168 tamen
1437 4102 1523 4167 nihil
1546 4103 1711 4168 ealliditat
1697 4110 1813 4168 tetua

111 4197 262 4280 effecisti,
287 4203 487 4262 consecutus
511 4216 556 4259 es.
597 4193 653 4260 Sic
677 4195 832 4280 Droysen
854 4193 972 4259 vertit:
1002 4194 1104 4259 Trotz
1128 4192 1210 4258 aller
1233 4191 1415 4258 Freehheit
1443 4192 1532 4258 richt
1534 4199 1568 4257 et
1591 4192 1676 4258 doch
1700 4191 1812 4257 niehts

112 4309 171 4352 aus
203 4286 282 4351 dein
305 4287 408 4352 Witz
449 4284 515 4351 Sed
544 4305 587 4349 ne
615 4283 680 4350 hoe
702 4284 838 4370 quidem
866 4281 949 4347 mihi
976 4283 1149 4368 probatur.
1189 4283 1277 4347 Nam
1305 4280 1540 4368 indignissime
1568 4280 1713 4347 ferens
1703 4303 1812 4368 rpsam

110 4376 269 4463 injuriam
299 4373 490 4462 praeconis,
519 4373 555 4437 in
583 4395 649 4457 qua
677 4373 752 4459 ipso
779 4380 957 4459 praesente
986 4372 1241 4459 perseverabat,
1273 4392 1342 4436 non
1371 4378 1450 4458 apte
1478 4394 1537 4437 rex
1568 4393 1645 4436 eum
1674 4370 1811 4436 irridere

112 4473 247 4552 poterat
269 4472 409 4551 propter
423 4465 520 4530 venit
506 4470 612 4528 tatem
635 4462 709 4547 ejus
734 4468 886 4543 conatus,
909 4461 1015 4545 velut,
1039 4461 1068 4525 ιι
1092 4460 1173 4547 quid
1195 4459 1404 4548 profecisset,
1429 4462 1494 4528 hoc
1515 4459 1661 4525 laudi
1633 4484 1664 4526 er
1686 4459 1811 4524 haben-

111 4556 192 4620 dum
215 4560 314 4620 esset.
352 4554 428 4640 Ego
456 4553 569 4639 potius
594 4551 790 4636 ωρθωσας
780 4575 816 4615 ιιι
845 4551 1000 4635 ὀρθώσεις
1026 4551 1228 4615 mutandum
1252 4572 1381 4618 censeo
1421 4552 1496 4615 Rex
1518 4549 1670 4637 graviter
1691 4555 1811 4632 serene,

271 4767 358 4838 *)De
378 4773 476 4836 άμοιλα
495 4784 522 4821 v.
537 4765 619 4820 rode
633 4784 659 4837 p.
673 4769 697 4822 3

270 4875 401 4946 )Olrm
410 4881 605 4929 tentaveram
626 4883 710 4942 αινμο
712 4877 764 4940 ’ἐφ
768 4877 887 4941 αμαλα
900 4876 963 4944 δή
966 4873 1058 4944 ιιισω
1070 4877 1121 4926 so
1124 4882 1195 4928 nutu
1210 4875 1356 4948 [duretu'
1334 4897 1365 4937 0,
1381 4877 1439 4926 datr
1426 4878 1489 4924 stc:
1505 4875 1812 4927 eruentaminnavem

112 4957 141 5004 te
161 4952 303 5003 coniciam
321 4966 388 5002 cum
408 4951 544 5017 strepitu:
565 4945 730 4999 abeundum
749 4946 811 5014 tibi,
831 4943 1003 5004 abeundum.

270 5055 434 5127 ***)Miror
452 5053 529 5124 quod
546 5053 602 5108 hoc
621 5054 743 5108 verbum
763 5051 846 5106 Todt
826 5057 899 5106 trum
917 5057 947 5106 in
967 5057 1017 5122 eis,
1037 5071 1155 5124 qneep.
1169 5041 1203 5106 ‘48
1222 5053 1354 5118 eontulit,
1374 5058 1532 5123 praeteriit
