4122 5792
1090 119 1138 183 ’23

1008 210 1220 217 ——.--—

306 345 308 350 ’
424 334 540 404 Sentio
558 333 713 419 equidem
730 334 874 416 ούράνιος
891 330 1094 396 attributum
1111 330 1230 394 melius
1248 329 1289 393 ad
1307 330 1529 413 ἀμφάνῖιγυοαι
1546 327 1588 392 ad
1606 328 1686 412 μέλη
1712 327 1967 405 accommodari,

263 451 324 515 per
346 450 382 490 se
406 432 441 490 et
464 424 542 509 quia
566 424 646 509 μὲλη
674 429 743 500 jam
773 423 880 487 λιτανά
908 420 1023 484 attrib.
1048 419 1162 498 habet,
1188 419 1310 484 deinde
1335 441 1384 502 μοι
1408 428 1474 495 πῶς
1505 417 1590 481 vitio
1626 417 1789 499 laborare,
1825 439 1968 502 quorum
2008 423 2009 440 ³

262 516 443 583 verborum
467 512 647 599 explicatio
680 512 774 575 nulla
809 509 976 574 satisfacit
1012 509 1102 591 (Wk.
1132 508 1279 590 „Bitiam
1316 507 1369 570 die
1404 506 1485 571 aber
1510 507 1547 592 in
1577 506 1760 592 Erfiillung
1784 507 1896 592 gehen
1919 529 1969 571 er·

263 606 384 672 liisend
408 626 477 669 von
499 603 673 686 Kimpl'en
696 641 735 649 -
762 599 894 680 wie?“).
929 597 1155 677 Quamobrem
1171 598 1216 663 M.
1235 595 1416 662 Schmidtii
1432 595 1703 661 emendationem
1719 617 1845 678 eorum,
1864 597 1969 682 μόγιυν
2010 623 2011 668 }

132 770 135 773 ,
264 694 452 769 scribentis,
477 691 623 756 libenter
645 688 760 775 accepi
785 696 961 772 totumque
985 688 1097 753 locum
1120 687 1154 751 in
1179 687 1267 750 hanc
1290 685 1434 751 formam
1456 684 1588 770 redegi:
1640 689 1642 692 ’
2010 679 2011 682 ’

692 798 762 876 ἴυζε
787 797 922 882 δ’ἀμφάν
948 795 1106 878 οὐρανίαν,
1543 814 1547 818 ·

692 885 771 970 μέλη
797 886 905 950 λιτανὰ
928 885 1018 960 θεοῖς
1042 887 1090 948 ἵει

688 975 792 1057 τέλεα,
818 975 924 1059 μάγων
947 973 1108 1057 πελόμενά
1131 993 1182 1056 μοι

691 1065 815 1148 λύσιμα.

424 1192 518 1257 τὲλεα
548 1212 636 1274 ‚zum
662 1188 754 1254 Ziele
784 1187 960 1274 dringend‘
995 1189 1115 1252 Krnse.
1163 1187 1283 1253 Potest
1313 1184 1416 1250 etiam
1452 1183 1559 1272 accipi
1579 1207 1650 1271 per
1676 1184 1968 1273 anticipationem:
2016 1209 2017 1240 2

267 1283 451 1366 Erfiillung
475 1279 671 1365 brugense,
698 1277 885 1360 wirksame‚
916 1277 1006 1361 quod
1029 1274 1285 1360 insequentibus
1309 1273 1445 1339 uberius
1475 1275 1673 1341 declaratur.
1720 1275 1761 1340 ln
1794 1281 1973 1362 correptas

267 1372 400 1460 syllaba
421 1371 518 1439 verbi
542 1373 611 1454 ἵημι
634 1391 676 1433 ne
701 1367 862 1450 offendas,
888 1367 916 1430 si
941 1365 1077 1451 quidem
1100 1365 1183 1430 haec
1205 1385 1274 1429 non
1298 1365 1409 1429 solum
1431 1363 1521 1450 apud
1544 1369 1725 1442 Homerum
1750 1365 1887 1448 usitata,
1912 1364 1971 1429 sed
2018 1409 2019 1412 κ

267 1461 371 1528 etiam
394 1461 486 1548 apud
508 1458 656 1544 tragicos
679 1466 797 1544 poetas
828 1455 961 1542 saepius
989 1453 1163 1521 invenitur
1187 1454 1321 1536 (Aesch.
1347 1453 1440 1539 Sept.
1464 1455 1530 1519 493
1554 1453 1676 1537 Τυφῶν’
1704 1454 1787 1518 ἱέντα
1810 1455 1971 1538 πυρπνόον
2019 1483 2020 1514 3

267 1553 318 1616 διὰ
342 1552 453 1636 στόμα,
477 1573 509 1614 v.
527 1547 629 1613 Dind.
653 1547 744 1630 len).
778 1545 1025 1631 Antistrophae
1048 1543 1197 1630 primum
1220 1563 1356 1608 versum
1379 1541 1503 1628 partim
1527 1563 1603 1606 cum
1627 1543 1822 1609 Hermanno
1846 1543 1971 1610 scribo:
2020 1599 2021 1616 ς

266 1639 358 1727 γένος
372 1643 435 1725 γάρ
452 1640 637 1724 Αἰγύπτειον
655 1636 750 1722 ύβριν,
767 1635 921 1720 alterum,
938 1636 1003 1699 hoc
1019 1633 1173 1717 exemplo
1190 1633 1226 1698 in
1242 1631 1358 1697 codice
1375 1631 1552 1718 scriptum:
1578 1632 1739 1717 δύσφορον
1757 1632 1970 1719 ἀρσενογενὲς,

268 1729 473 1795 vocabulum
497 1725 661 1792 excidisse
684 1732 825 1812 putans:

640 1834 801 1916 δύσφορον
826 1832 919 1896 ὀλοόν
944 1802 1150 1917 ἀρσενογενὲς
1174 1828 1329 1913 (dimeter
1351 1827 1539 1914 iambicus).

427 1961 480 2025 Ne
503 1957 717 2043 insequentia
739 1955 876 2042 quidem
900 1978 982 2020 sana
1005 1954 1177 2020 videntur:
1208 1955 1286 2039 μετά
1311 1975 1349 2039 με
1371 1954 1515 2038 δρόμοισι
1539 1954 1673 2037 διόμενοι
1697 1954 1824 2039 φυγάδα
1848 1954 1972 2037 μάταισι

269 2051 470 2135 πολυθρόοις.
491 2073 495 2111 ι
518 2049 606 2114 Nam
640 2045 722 2131 quid
758 2047 881 2132 μάταισι
915 2045 1108 2220 πὲἰυδρόοις
1143 2042 1208 2108 sibi
1246 2043 1342 2109 vult?
1366 2095 1368 2100 .
1390 2043 1513 2127 μάταισι
1541 2065 1561 2106 a
1591 2041 1784 2107 scholiasta:
1823 2042 1972 2127 ζητήσεσι
2025 2053 2027 2090 '

270 2139 449 2204 redditum.
495 2138 654 2203 Fortasse
677 2142 778 2202 recte.
826 2135 893 2200 Sed
917 2157 937 2198 a
976 2134 1122 2198 ectivum
1148 2133 1191 2198 ad
1220 2132 1284 2198 hoc
1314 2154 1383 2197 non
1407 2132 1558 2217 quadrat.
1607 2131 1767 2216 Suspicor
1790 2132 1970 2217 πολυγόοις;
2026 2172 2028 2206 γ

270 2229 414 2294 multum
438 2225 622 2314 deploratis
645 2226 702 2292 vel
724 2223 950 2309 deplorandis.
985 2223 1037 2292 ef.
1054 2223 1096 2288 de
1111 2221 1314 2287 formatione
1332 2220 1431 2288 Todt.
1444 2245 1478 2306 p.
1491 2223 1544 2288 25.
1580 2222 1637 2286 An
1659 2221 1723 2285 hoc
1746 2221 1836 2285 idem
1860 2222 1972 2286 valere

270 2325 382 2402 potest
405 2316 619 2401 πολυδρόοιςῗ)
655 2314 743 2389 Sane
766 2313 904 2400 θρέομαι
929 2313 1102 2397 (δρεύμαι),
1131 2333 1268 2398 crepare
1297 2310 1502 2398 significans,
1531 2309 1727 2396 saepissime
1757 2309 1793 2375 in
1815 2310 1903 2374 hanc
1925 2311 1972 2374 la·
2027 2335 2030 2380 γ

269 2406 444 2472 mentandi
474 2406 545 2472 vim
576 2404 654 2471 abit.
701 2403 777 2468 Nisi
800 2401 919 2468 scholii
942 2400 1125 2467 auctoritas
1150 2401 1310 2482 obstaret,
1342 2400 1445 2464 etiam
1469 2401 1593 2484 μάταισι
1616 2406 1783 2464 mutarem
1807 2399 1970 2464 scribens:
2028 2391 2030 2422 ³

269 2499 348 2582 μετά
373 2519 411 2581 με
435 2497 577 2580 δρόμοισι
601 2495 735 2579 διόμενοι
759 2494 886 2577 φυγάδα
910 2493 1032 2577 μάταιοι
1058 2491 1267 2574 (insolentes)
1291 2490 1459 2575 πολυγόοις
1487 2490 1560 2554 sive
1583 2489 1701 2554 eadem
1725 2487 1973 2574 significatione

269 2587 474 2671 πολυθρόοις.
1353 2607 1355 2612 ,

398 2687 401 2712 ³
431 2686 524 2770 Quae
547 2690 686 2757 tertium
711 2690 775 2755 hoo
799 2687 976 2753 stasimum
999 2686 1152 2773 proxime
1176 2693 1364 2772 sequuntur
1380 2686 1556 2770 desperate
1573 2691 1730 2772 corrupte
1754 2692 1843 2752 sunt.
1879 2687 1972 2750 Haec

271 2781 385 2846 codice
408 2782 627 2868 praebentur:

1016 2950 1226 3040 δδεμάρπτις

1076 3047 1166 3121 νάϊος

1075 3136 1169 3219 γάϊος

906 3235 967 3288 τῶν
990 3225 1171 3309 πρόμαρπτι
1193 3224 1331 3307 κάμνοις.

1096 3314 1147 3396 ἰόφ

1014 3493 1090 3556 atu
1103 3425 1237 3567 οάιάκκας

1107 3604 1143 3646 νυ

939 3673 1029 3736 δυϊαν
1054 3672 1132 3758 βοάν
1157 3669 1302 3754 ἀμφαίνω

827 3763 892 3845 όρῶ
915 3761 991 3824 τάδε
1015 3760 1145 3844 φροίμια
1167 3758 1291 3843 πράξαν
1315 3758 1418 3823 πόνων

1020 3849 1126 3934 βιαίων
1147 3851 1229 3932 ἐμῶν
1355 3891 1357 3894 -

1061 3940 1110 4022 ἠὲ,
1135 3937 1184 4022 ἠέ.

909 4028 996 4113 βαῖνε
1019 4039 1104 4114 φυγᾷ
1127 4031 1208 4111 πρὸς
1231 4027 1349 4091 ἀλκάν·

911 4118 1155 4204 βλοσυρόφρονα
1177 4117 1271 4202 χλιδᾷ

908 4208 1056 4291 δύσφορα
1078 4209 1132 4271 ναὶΙ
1154 4208 1235 4269 κ’άν
1257 4215 1308 4291 γᾷ.

910 4309 961 4382 γάι
985 4296 1073 4378 ἄναξ,
1098 4295 1291 4379 προτάσσου.

362 4463 363 4468 κ
434 4425 521 4489 Olim
546 4445 623 4488 cum
646 4422 721 4487 aliis
745 4422 915 4508 strophice
939 4422 1022 4486 haec
1039 4420 1223 4504 digerenda
1246 4423 1340 4482 ratus
1365 4440 1406 4482 ex
1429 4416 1570 4482 aliorum
1596 4415 1746 4501 meisque
1770 4415 1973 4502 conjecturis

272 4513 413 4580 confusa
436 4513 484 4578 sic
507 4511 637 4598 scripsi:
1431 4536 1433 4540 ·

407 4621 565 4707 Stropha:
593 4624 662 4706 όρα,
689 4623 759 4703 όρα.
799 4618 937 4706 dipodia
959 4616 1061 4684 iamb.

400 4728 444 4792 ,υ
514 4739 515 4744 ’
593 4709 767 4796 όμάρπτις
791 4710 845 4774 όδε
868 4710 957 4785 νάϊος
979 4709 1081 4792 γάῖος.
1121 4706 1188 4771 duo
1211 4703 1368 4771 dochmii.

592 4800 642 4886 ἠέ,
667 4798 716 4884 ἠέ.
756 4797 947 4887 diptroch.
1645 4853 1647 4860 ,
1814 4847 1816 4851 .
1853 4842 1854 4846 ,

591 4917 652 4972 τῶν
680 4909 743 4990 πρό
772 4906 821 4978 σύ,
853 4906 978 4990 μάρπτι,
1007 4903 1148 4988 κάμνοις.
1183 4902 1254 4970 sive
1277 4900 1452 4967 dochmius
1476 4899 1695 4987 hypercatal,
1726 4900 1768 4966 cf.
1794 4898 1974 4966 attium.

699 4996 793 5064 elem.
812 5002 909 5061 metr.
927 5017 958 5080 p.
977 4993 1052 5075 254,
1077 4991 1149 5060 sive
1173 4992 1299 5079 primus
1322 4991 1567 5078 pherecrateus.
1607 5045 1611 5058 .
1736 5009 1738 5016 ·
