<?xml version="1.0" encoding="UTF-8"?>
<!DOCTYPE html PUBLIC "-//W3C//DTD XHTML 1.0 Transitional//EN"
    "http://www.w3.org/TR/xhtml1/DTD/xhtml1-transitional.dtd">
<html xmlns="http://www.w3.org/1999/xhtml" xml:lang="en" lang="en">
 <head>
  <title>
</title>
<meta http-equiv="Content-Type" content="text/html;charset=utf-8" />
  <meta name='ocr-system' content='tesseract 3.04.00' />
  <meta name='ocr-capabilities' content='ocr_page ocr_carea ocr_par ocr_line ocrx_word'/>
</head>
<body>
  <div class='ocr_page' id='page_1' title='image "adnotationesada00dumegoog_0034.png"; bbox 0 0 4122 5792; ppageno 0'>
   <div class='ocr_carea' id='block_1_1' title="bbox 1136 129 1179 194">
    <p class='ocr_par' dir='ltr' id='par_1_1' title="bbox 1136 129 1179 194">
     <span class='ocr_line' id='line_1_1' title="bbox 1136 129 1179 194; baseline -0.07 0"><span class='ocrx_word' id='word_1_1' title='bbox 1136 129 1179 194; x_wconf 78' lang='lat'>29</span> 
     </span>
    </p>
   </div>
   <div class='ocr_carea' id='block_1_2' title="bbox 1049 222 1262 232">
    <p class='ocr_par' dir='ltr' id='par_1_2' title="bbox 1049 222 1262 232">
     <span class='ocr_line' id='line_1_2' title="bbox 1049 222 1262 232; baseline 0 0"><span class='ocrx_word' id='word_1_2' title='bbox 1049 222 1262 232; x_wconf 48' lang='grc' dir='ltr'>μήν-ιο*-</span> 
     </span>
    </p>
   </div>
   <div class='ocr_carea' id='block_1_3' title="bbox 302 341 2008 523">
    <p class='ocr_par' dir='ltr' id='par_1_3' title="bbox 302 341 2008 523">
     <span class='ocr_line' id='line_1_3' title="bbox 303 341 2008 434; baseline -0.004 -22"><span class='ocrx_word' id='word_1_3' title='bbox 303 349 416 434; x_wconf 86' lang='lat' dir='ltr'>digna,</span> <span class='ocrx_word' id='word_1_4' title='bbox 447 369 539 433; x_wconf 86' lang='lat' dir='ltr'>quaa.</span> <span class='ocrx_word' id='word_1_5' title='bbox 557 345 599 411; x_wconf 92' lang='lat' dir='ltr'>ab</span> <span class='ocrx_word' id='word_1_6' title='bbox 623 343 817 410; x_wconf 88' lang='lat' dir='ltr'>hominibus</span> <span class='ocrx_word' id='word_1_7' title='bbox 841 343 1049 431; x_wconf 73' lang='lat' dir='ltr'>respiciatur,</span> <span class='ocrx_word' id='word_1_8' title='bbox 1079 343 1285 425; x_wconf 87' lang='lat' dir='ltr'>attendatur,</span> <span class='ocrx_word' id='word_1_9' title='bbox 1316 342 1410 428; x_wconf 89' lang='lat' dir='ltr'>quasi</span> <span class='ocrx_word' id='word_1_10' title='bbox 1441 345 1473 408; x_wconf 86' lang='grc' dir='ltr'>ἐν</span> <span class='ocrx_word' id='word_1_11' title='bbox 1503 343 1588 429; x_wconf 85' lang='grc' dir='ltr'>λόγιρ</span> <span class='ocrx_word' id='word_1_12' title='bbox 1613 343 1781 429; x_wconf 78' lang='grc' dir='ltr'>ἐχομένην,</span> <span class='ocrx_word' id='word_1_13' title='bbox 1812 341 2008 427; x_wconf 80' lang='grc' dir='ltr'>ἀξιουμένην,</span> 
     </span>
     <span class='ocr_line' id='line_1_4' title="bbox 302 433 805 523; baseline -0.008 -21"><span class='ocrx_word' id='word_1_14' title='bbox 302 436 554 523; x_wconf 69' lang='grc' dir='ltr'>θαυμαζομένην</span> <span class='ocrx_word' id='word_1_15' title='bbox 577 434 726 522; x_wconf 88' lang='lat' dir='ltr'>positum</span> <span class='ocrx_word' id='word_1_16' title='bbox 751 433 805 499; x_wconf 92' lang='lat' dir='ltr'>sit.</span> 
     </span>
    </p>
   </div>
   <div class='ocr_carea' id='block_1_4' title="bbox 462 550 1311 817">
    <p class='ocr_par' dir='ltr' id='par_1_4' title="bbox 462 550 1311 817">
     <span class='ocr_line' id='line_1_5' title="bbox 462 550 1302 635; baseline -0.001 -18"><span class='ocrx_word' id='word_1_17' title='bbox 462 575 494 617; x_wconf 88' lang='grc' dir='ltr'>ν.</span> <span class='ocrx_word' id='word_1_18' title='bbox 512 554 587 619; x_wconf 78' lang='lat'>999·</span> <span class='ocrx_word' id='word_1_19' title='bbox 600 551 711 634; x_wconf 80' lang='grc' dir='ltr'>τέρειν’</span> <span class='ocrx_word' id='word_1_20' title='bbox 737 550 850 635; x_wconf 80' lang='grc' dir='ltr'>ὀπώρα</span> <span class='ocrx_word' id='word_1_21' title='bbox 874 551 899 614; x_wconf 84' lang='grc' dir='ltr'>δ’</span> <span class='ocrx_word' id='word_1_22' title='bbox 926 551 1122 634; x_wconf 78' lang='grc' dir='ltr'>εὐφύλακτος</span> <span class='ocrx_word' id='word_1_23' title='bbox 1146 551 1302 635; x_wconf 82' lang='grc' dir='ltr'>οὐδαμῶς.</span> 
     </span>
     <span class='ocr_line' id='line_1_6' title="bbox 606 639 1295 727; baseline -0.001 -22"><span class='ocrx_word' id='word_1_24' title='bbox 606 641 707 725; x_wconf 68' lang='grc' dir='ltr'>θῆρες</span> <span class='ocrx_word' id='word_1_25' title='bbox 732 641 767 705; x_wconf 82' lang='grc' dir='ltr'>δὲ</span> <span class='ocrx_word' id='word_1_26' title='bbox 789 639 975 725; x_wconf 76' lang='grc' dir='ltr'>κηραίνουσι</span> <span class='ocrx_word' id='word_1_27' title='bbox 998 642 1051 704; x_wconf 84' lang='grc' dir='ltr'>καὶ</span> <span class='ocrx_word' id='word_1_28' title='bbox 1076 641 1183 727; x_wconf 83' lang='grc' dir='ltr'>βροτοὶ</span> <span class='ocrx_word' id='word_1_29' title='bbox 1206 641 1295 724; x_wconf 81' lang='grc' dir='ltr'>τιμὴν</span> 
     </span>
     <span class='ocr_line' id='line_1_7' title="bbox 607 728 1311 817; baseline -0.003 -23"><span class='ocrx_word' id='word_1_30' title='bbox 607 731 660 794; x_wconf 82' lang='grc' dir='ltr'>καὶ</span> <span class='ocrx_word' id='word_1_31' title='bbox 684 728 833 794; x_wconf 79' lang='grc' dir='ltr'>κνώδαλα</span> <span class='ocrx_word' id='word_1_32' title='bbox 856 740 1032 812; x_wconf 82' lang='grc' dir='ltr'>πτεροῦντα</span> <span class='ocrx_word' id='word_1_33' title='bbox 1054 732 1108 794; x_wconf 85' lang='grc' dir='ltr'>κατ</span> <span class='ocrx_word' id='word_1_34' title='bbox 1131 730 1311 817; x_wconf 76' lang='grc' dir='ltr'>πεδοστιβῆ.</span> 
     </span>
    </p>
   </div>
   <div class='ocr_carea' id='block_1_5' title="bbox 302 836 2013 2272">
    <p class='ocr_par' dir='ltr' id='par_1_5' title="bbox 302 836 2013 2272">
     <span class='ocr_line' id='line_1_8' title="bbox 302 836 2009 934; baseline -0.004 -22"><span class='ocrx_word' id='word_1_35' title='bbox 302 847 392 932; x_wconf 75' lang='grc' dir='ltr'>τιμὴν</span> <span class='ocrx_word' id='word_1_36' title='bbox 417 845 476 911; x_wconf 86' lang='lat' dir='ltr'>alii</span> <span class='ocrx_word' id='word_1_37' title='bbox 498 845 534 910; x_wconf 91' lang='lat' dir='ltr'>in</span> <span class='ocrx_word' id='word_1_38' title='bbox 556 847 584 910; x_wconf 80' lang='grc' dir='ltr'>τί</span> <span class='ocrx_word' id='word_1_39' title='bbox 609 846 688 934; x_wconf 79' lang='grc' dir='ltr'>μήν;</span> <span class='ocrx_word' id='word_1_40' title='bbox 718 844 776 910; x_wconf 85' lang='lat' dir='ltr'>elii</span> <span class='ocrx_word' id='word_1_41' title='bbox 804 845 839 909; x_wconf 91' lang='lat' dir='ltr'>in</span> <span class='ocrx_word' id='word_1_42' title='bbox 865 836 894 908; x_wconf 86' lang='grc' dir='ltr'>τί</span> <span class='ocrx_word' id='word_1_43' title='bbox 916 867 959 911; x_wconf 91' lang='grc' dir='ltr'>νιν</span> <span class='ocrx_word' id='word_1_44' title='bbox 984 851 1213 912; x_wconf 84' lang='lat' dir='ltr'>mutaverunt.</span> <span class='ocrx_word' id='word_1_45' title='bbox 1252 844 1383 912; x_wconf 84' lang='lat' dir='ltr'>Weckl.</span> <span class='ocrx_word' id='word_1_46' title='bbox 1410 850 1524 909; x_wconf 89' lang='lat' dir='ltr'>autem</span> <span class='ocrx_word' id='word_1_47' title='bbox 1546 842 1715 909; x_wconf 85' lang='lat' dir='ltr'>Jacobum</span> <span class='ocrx_word' id='word_1_48' title='bbox 1739 865 1883 929; x_wconf 88' lang='lat' dir='ltr'>sequens</span> <span class='ocrx_word' id='word_1_49' title='bbox 1906 841 2009 907; x_wconf 89' lang='lat' dir='ltr'>etiam</span> 
     </span>
     <span class='ocr_line' id='line_1_9' title="bbox 304 930 2011 1021; baseline -0.004 -20"><span class='ocrx_word' id='word_1_50' title='bbox 304 938 405 1021; x_wconf 71' lang='grc' dir='ltr'>θῆρες</span> <span class='ocrx_word' id='word_1_51' title='bbox 438 934 604 1001; x_wconf 87' lang='lat' dir='ltr'>vocabulo</span> <span class='ocrx_word' id='word_1_52' title='bbox 639 933 747 1012; x_wconf 89' lang='lat' dir='ltr'>aliud,</span> <span class='ocrx_word' id='word_1_53' title='bbox 783 935 869 1017; x_wconf 78' lang='grc' dir='ltr'>θεοί,</span> <span class='ocrx_word' id='word_1_54' title='bbox 906 932 1094 1004; x_wconf 87' lang='lat' dir='ltr'>substituit.</span> <span class='ocrx_word' id='word_1_55' title='bbox 1133 935 1209 1020; x_wconf 84' lang='lat' dir='ltr'>Ego</span> <span class='ocrx_word' id='word_1_56' title='bbox 1244 934 1381 1020; x_wconf 84' lang='lat' dir='ltr'>quidem</span> <span class='ocrx_word' id='word_1_57' title='bbox 1416 955 1484 998; x_wconf 93' lang='lat' dir='ltr'>nou</span> <span class='ocrx_word' id='word_1_58' title='bbox 1518 931 1683 1020; x_wconf 83' lang='lat' dir='ltr'>percipio,</span> <span class='ocrx_word' id='word_1_59' title='bbox 1726 930 1805 1014; x_wconf 89' lang='lat' dir='ltr'>quid</span> <span class='ocrx_word' id='word_1_60' title='bbox 1840 931 1876 997; x_wconf 91' lang='lat' dir='ltr'>in</span> <span class='ocrx_word' id='word_1_61' title='bbox 1910 932 2011 1016; x_wconf 68' lang='grc' dir='ltr'>θῆρες</span> 
     </span>
     <span class='ocr_line' id='line_1_10' title="bbox 306 1019 2010 1112; baseline -0.004 -22"><span class='ocrx_word' id='word_1_62' title='bbox 306 1024 622 1112; x_wconf 84' lang='lat' dir='ltr'>reprehendendum</span> <span class='ocrx_word' id='word_1_63' title='bbox 646 1022 700 1088; x_wconf 90' lang='lat' dir='ltr'>sit.</span> <span class='ocrx_word' id='word_1_64' title='bbox 739 1024 795 1088; x_wconf 89' lang='lat' dir='ltr'>An</span> <span class='ocrx_word' id='word_1_65' title='bbox 818 1023 883 1088; x_wconf 92' lang='lat' dir='ltr'>hoc</span> <span class='ocrx_word' id='word_1_66' title='bbox 907 1023 996 1108; x_wconf 89' lang='lat' dir='ltr'>quod</span> <span class='ocrx_word' id='word_1_67' title='bbox 1019 1024 1127 1109; x_wconf 75' lang='grc' dir='ltr'>τέρειν’</span> <span class='ocrx_word' id='word_1_68' title='bbox 1155 1024 1267 1108; x_wconf 83' lang='grc' dir='ltr'>ὀπώρα</span> <span class='ocrx_word' id='word_1_69' title='bbox 1301 1023 1357 1088; x_wconf 89' lang='lat' dir='ltr'>hic</span> <span class='ocrx_word' id='word_1_70' title='bbox 1391 1044 1460 1088; x_wconf 90' lang='lat' dir='ltr'>non</span> <span class='ocrx_word' id='word_1_71' title='bbox 1493 1043 1591 1088; x_wconf 85' lang='lat' dir='ltr'>veros</span> <span class='ocrx_word' id='word_1_72' title='bbox 1626 1021 1767 1105; x_wconf 86' lang='lat' dir='ltr'>fructus,</span> <span class='ocrx_word' id='word_1_73' title='bbox 1804 1021 1862 1086; x_wconf 91' lang='lat' dir='ltr'>sed</span> <span class='ocrx_word' id='word_1_74' title='bbox 1893 1019 2010 1085; x_wconf 88' lang='lat' dir='ltr'>florem</span> 
     </span>
     <span class='ocr_line' id='line_1_11' title="bbox 304 1109 2009 1202; baseline -0.004 -22"><span class='ocrx_word' id='word_1_75' title='bbox 304 1113 506 1202; x_wconf 87' lang='lat' dir='ltr'>virginalem</span> <span class='ocrx_word' id='word_1_76' title='bbox 523 1113 703 1200; x_wconf 88' lang='lat' dir='ltr'>significat,</span> <span class='ocrx_word' id='word_1_77' title='bbox 728 1111 785 1196; x_wconf 91' lang='lat' dir='ltr'>qui</span> <span class='ocrx_word' id='word_1_78' title='bbox 804 1135 823 1178; x_wconf 89' lang='lat' dir='ltr'>a</span> <span class='ocrx_word' id='word_1_79' title='bbox 847 1111 964 1177; x_wconf 90' lang='lat' dir='ltr'>bestiis</span> <span class='ocrx_word' id='word_1_80' title='bbox 988 1112 1109 1179; x_wconf 90' lang='lat' dir='ltr'>violari</span> <span class='ocrx_word' id='word_1_81' title='bbox 1131 1113 1271 1198; x_wconf 80' lang='lat' dir='ltr'>nequit?</span> <span class='ocrx_word' id='word_1_82' title='bbox 1312 1112 1378 1178; x_wconf 86' lang='lat' dir='ltr'>Sed</span> <span class='ocrx_word' id='word_1_83' title='bbox 1404 1118 1478 1177; x_wconf 91' lang='lat' dir='ltr'>tum</span> <span class='ocrx_word' id='word_1_84' title='bbox 1500 1135 1543 1177; x_wconf 92' lang='lat' dir='ltr'>ne</span> <span class='ocrx_word' id='word_1_85' title='bbox 1566 1111 1716 1177; x_wconf 88' lang='grc' dir='ltr'>κνώδαλα</span> <span class='ocrx_word' id='word_1_86' title='bbox 1739 1109 1875 1196; x_wconf 89' lang='lat' dir='ltr'>quidem</span> <span class='ocrx_word' id='word_1_87' title='bbox 1898 1109 2009 1176; x_wconf 91' lang='lat' dir='ltr'>locum</span> 
     </span>
     <span class='ocr_line' id='line_1_12' title="bbox 303 1198 2010 1290; baseline -0.004 -21"><span class='ocrx_word' id='word_1_88' title='bbox 303 1204 477 1270; x_wconf 90' lang='lat' dir='ltr'>haberent.</span> <span class='ocrx_word' id='word_1_89' title='bbox 514 1203 578 1268; x_wconf 86' lang='lat' dir='ltr'>Est</span> <span class='ocrx_word' id='word_1_90' title='bbox 602 1203 690 1268; x_wconf 89' lang='lat' dir='ltr'>enim</span> <span class='ocrx_word' id='word_1_91' title='bbox 715 1207 870 1290; x_wconf 85' lang='lat' dir='ltr'>apertum</span> <span class='ocrx_word' id='word_1_92' title='bbox 893 1202 977 1267; x_wconf 90' lang='lat' dir='ltr'>haec</span> <span class='ocrx_word' id='word_1_93' title='bbox 1000 1225 1069 1268; x_wconf 90' lang='lat' dir='ltr'>non</span> <span class='ocrx_word' id='word_1_94' title='bbox 1085 1203 1128 1268; x_wconf 90' lang='lat' dir='ltr'>ad</span> <span class='ocrx_word' id='word_1_95' title='bbox 1151 1225 1222 1268; x_wconf 89' lang='lat' dir='ltr'>rem</span> <span class='ocrx_word' id='word_1_96' title='bbox 1244 1202 1387 1289; x_wconf 82' lang='lat' dir='ltr'>imagini</span> <span class='ocrx_word' id='word_1_97' title='bbox 1404 1200 1601 1287; x_wconf 88' lang='lat' dir='ltr'>subjectam,</span> <span class='ocrx_word' id='word_1_98' title='bbox 1620 1201 1679 1265; x_wconf 89' lang='lat' dir='ltr'>sed</span> <span class='ocrx_word' id='word_1_99' title='bbox 1694 1200 1805 1286; x_wconf 82' lang='lat' dir='ltr'>ipsam</span> <span class='ocrx_word' id='word_1_100' title='bbox 1826 1198 2010 1285; x_wconf 81' lang='lat' dir='ltr'>imaginem</span> 
     </span>
     <span class='ocr_line' id='line_1_13' title="bbox 304 1287 2011 1380; baseline -0.004 -22"><span class='ocrx_word' id='word_1_101' title='bbox 304 1292 473 1380; x_wconf 87' lang='lat' dir='ltr'>pertinere</span> <span class='ocrx_word' id='word_1_102' title='bbox 501 1308 602 1377; x_wconf 88' lang='lat' dir='ltr'>atque</span> <span class='ocrx_word' id='word_1_103' title='bbox 630 1291 717 1358; x_wconf 89' lang='lat' dir='ltr'>hanc</span> <span class='ocrx_word' id='word_1_104' title='bbox 747 1314 819 1358; x_wconf 88' lang='lat' dir='ltr'>esse</span> <span class='ocrx_word' id='word_1_105' title='bbox 849 1291 1069 1359; x_wconf 74' lang='lat' dir='ltr'>sententiam:</span> <span class='ocrx_word' id='word_1_106' title='bbox 1105 1291 1154 1359; x_wconf 87' lang='lat' dir='ltr'>Ut</span> <span class='ocrx_word' id='word_1_107' title='bbox 1178 1292 1308 1358; x_wconf 90' lang='lat' dir='ltr'>fructus</span> <span class='ocrx_word' id='word_1_108' title='bbox 1331 1297 1458 1356; x_wconf 85' lang='lat' dir='ltr'>maturi</span> <span class='ocrx_word' id='word_1_109' title='bbox 1486 1289 1528 1355; x_wconf 89' lang='lat' dir='ltr'>ab</span> <span class='ocrx_word' id='word_1_110' title='bbox 1552 1291 1644 1356; x_wconf 90' lang='lat' dir='ltr'>omni</span> <span class='ocrx_word' id='word_1_111' title='bbox 1666 1311 1791 1376; x_wconf 85' lang='lat' dir='ltr'>genere</span> <span class='ocrx_word' id='word_1_112' title='bbox 1814 1287 2011 1355; x_wconf 89' lang='lat' dir='ltr'>animalium</span> 
     </span>
     <span class='ocr_line' id='line_1_14' title="bbox 305 1377 2010 1467; baseline -0.003 -20"><span class='ocrx_word' id='word_1_113' title='bbox 305 1388 496 1448; x_wconf 86' lang='lat' dir='ltr'>tentantur:</span> <span class='ocrx_word' id='word_1_114' title='bbox 523 1403 541 1446; x_wconf 87' lang='lat' dir='ltr'>a</span> <span class='ocrx_word' id='word_1_115' title='bbox 566 1381 685 1446; x_wconf 87' lang='lat' dir='ltr'>bestiis</span> <span class='ocrx_word' id='word_1_116' title='bbox 707 1404 777 1446; x_wconf 92' lang='lat' dir='ltr'>non</span> <span class='ocrx_word' id='word_1_117' title='bbox 800 1379 912 1446; x_wconf 89' lang='lat' dir='ltr'>minus</span> <span class='ocrx_word' id='word_1_118' title='bbox 936 1403 1037 1467; x_wconf 91' lang='lat' dir='ltr'>quam</span> <span class='ocrx_word' id='word_1_119' title='bbox 1060 1383 1103 1447; x_wconf 94' lang='lat' dir='ltr'>ab</span> <span class='ocrx_word' id='word_1_120' title='bbox 1126 1380 1331 1464; x_wconf 89' lang='lat' dir='ltr'>hominibus,</span> <span class='ocrx_word' id='word_1_121' title='bbox 1356 1403 1375 1446; x_wconf 89' lang='lat' dir='ltr'>a</span> <span class='ocrx_word' id='word_1_122' title='bbox 1398 1379 1592 1446; x_wconf 89' lang='lat' dir='ltr'>volucribus</span> <span class='ocrx_word' id='word_1_123' title='bbox 1615 1401 1682 1444; x_wconf 92' lang='lat' dir='ltr'>non</span> <span class='ocrx_word' id='word_1_124' title='bbox 1707 1377 1819 1444; x_wconf 90' lang='lat' dir='ltr'>minus</span> <span class='ocrx_word' id='word_1_125' title='bbox 1843 1399 1945 1464; x_wconf 90' lang='lat' dir='ltr'>quam</span> <span class='ocrx_word' id='word_1_126' title='bbox 1968 1377 2010 1442; x_wconf 90' lang='lat' dir='ltr'>ab</span> 
     </span>
     <span class='ocr_line' id='line_1_15' title="bbox 305 1467 2011 1558; baseline -0.004 -21"><span class='ocrx_word' id='word_1_127' title='bbox 305 1471 509 1558; x_wconf 84' lang='lat' dir='ltr'>agrestibus,</span> <span class='ocrx_word' id='word_1_128' title='bbox 535 1472 583 1536; x_wconf 90' lang='lat' dir='ltr'>sic</span> <span class='ocrx_word' id='word_1_129' title='bbox 605 1470 778 1557; x_wconf 80' lang='lat' dir='ltr'>virginum</span> <span class='ocrx_word' id='word_1_130' title='bbox 802 1471 863 1535; x_wconf 84' lang='lat' dir='ltr'>llos</span> <span class='ocrx_word' id='word_1_131' title='bbox 888 1469 1038 1536; x_wconf 88' lang='lat' dir='ltr'>omnium</span> <span class='ocrx_word' id='word_1_132' title='bbox 1064 1472 1122 1558; x_wconf 90' lang='lat' dir='ltr'>(sc.</span> <span class='ocrx_word' id='word_1_133' title='bbox 1140 1469 1328 1555; x_wconf 88' lang='lat' dir='ltr'>hominum)</span> <span class='ocrx_word' id='word_1_134' title='bbox 1352 1468 1484 1534; x_wconf 88' lang='lat' dir='ltr'>insidiis</span> <span class='ocrx_word' id='word_1_135' title='bbox 1513 1469 1687 1554; x_wconf 88' lang='lat' dir='ltr'>expositus</span> <span class='ocrx_word' id='word_1_136' title='bbox 1711 1475 1773 1534; x_wconf 90' lang='lat' dir='ltr'>est.</span> <span class='ocrx_word' id='word_1_137' title='bbox 1812 1469 1901 1534; x_wconf 88' lang='lat' dir='ltr'>Nam</span> <span class='ocrx_word' id='word_1_138' title='bbox 1921 1467 2011 1553; x_wconf 89' lang='lat' dir='ltr'>quod</span> 
     </span>
     <span class='ocr_line' id='line_1_16' title="bbox 305 1556 2011 1646; baseline -0.002 -21"><span class='ocrx_word' id='word_1_139' title='bbox 305 1583 357 1625; x_wconf 89' lang='lat' dir='ltr'>res</span> <span class='ocrx_word' id='word_1_140' title='bbox 381 1561 500 1626; x_wconf 88' lang='lat' dir='ltr'>eadem</span> <span class='ocrx_word' id='word_1_141' title='bbox 529 1559 581 1626; x_wconf 91' lang='lat' dir='ltr'>bis</span> <span class='ocrx_word' id='word_1_142' title='bbox 612 1560 767 1625; x_wconf 88' lang='lat' dir='ltr'>affertur:</span> <span class='ocrx_word' id='word_1_143' title='bbox 804 1561 905 1645; x_wconf 66' lang='grc' dir='ltr'>θῆρες</span> <span class='ocrx_word' id='word_1_144' title='bbox 938 1565 974 1624; x_wconf 91' lang='lat' dir='ltr'>et</span> <span class='ocrx_word' id='word_1_145' title='bbox 1007 1561 1166 1646; x_wconf 81' lang='grc' dir='ltr'>κνώδαλα,</span> <span class='ocrx_word' id='word_1_146' title='bbox 1201 1582 1244 1625; x_wconf 93' lang='lat' dir='ltr'>ne</span> <span class='ocrx_word' id='word_1_147' title='bbox 1266 1559 1331 1626; x_wconf 94' lang='lat' dir='ltr'>hoc</span> <span class='ocrx_word' id='word_1_148' title='bbox 1355 1559 1491 1645; x_wconf 90' lang='lat' dir='ltr'>quidem</span> <span class='ocrx_word' id='word_1_149' title='bbox 1516 1557 1711 1624; x_wconf 87' lang='lat' dir='ltr'>offensionis</span> <span class='ocrx_word' id='word_1_150' title='bbox 1736 1556 1863 1643; x_wconf 86' lang='lat' dir='ltr'>aliquid</span> <span class='ocrx_word' id='word_1_151' title='bbox 1885 1557 2011 1622; x_wconf 87' lang='lat' dir='ltr'>habere</span> 
     </span>
     <span class='ocr_line' id='line_1_17' title="bbox 306 1646 2011 1737; baseline -0.004 -22"><span class='ocrx_word' id='word_1_152' title='bbox 306 1649 390 1715; x_wconf 89' lang='lat' dir='ltr'>mihi</span> <span class='ocrx_word' id='word_1_153' title='bbox 412 1649 557 1732; x_wconf 89' lang='lat' dir='ltr'>videtur,</span> <span class='ocrx_word' id='word_1_154' title='bbox 572 1649 610 1714; x_wconf 84' lang='lat' dir='ltr'>&#39;si</span> <span class='ocrx_word' id='word_1_155' title='bbox 636 1649 771 1734; x_wconf 90' lang='lat' dir='ltr'>quidem</span> <span class='ocrx_word' id='word_1_156' title='bbox 795 1649 904 1734; x_wconf 90' lang='lat' dir='ltr'>primo</span> <span class='ocrx_word' id='word_1_157' title='bbox 926 1650 1000 1715; x_wconf 88' lang='lat' dir='ltr'>loco</span> <span class='ocrx_word' id='word_1_158' title='bbox 1024 1649 1059 1714; x_wconf 93' lang='lat' dir='ltr'>in</span> <span class='ocrx_word' id='word_1_159' title='bbox 1075 1649 1272 1715; x_wconf 84' lang='lat' dir='ltr'>universum</span> <span class='ocrx_word' id='word_1_160' title='bbox 1288 1648 1391 1737; x_wconf 89' lang='lat' dir='ltr'>positi</span> <span class='ocrx_word' id='word_1_161' title='bbox 1412 1649 1513 1732; x_wconf 70' lang='grc' dir='ltr'>θῆρες</span> <span class='ocrx_word' id='word_1_162' title='bbox 1527 1646 1732 1729; x_wconf 88' lang='lat' dir='ltr'>hominibus,</span> <span class='ocrx_word' id='word_1_163' title='bbox 1756 1653 1831 1713; x_wconf 90' lang='lat' dir='ltr'>tum</span> <span class='ocrx_word' id='word_1_164' title='bbox 1846 1646 1881 1710; x_wconf 93' lang='lat' dir='ltr'>in</span> <span class='ocrx_word' id='word_1_165' title='bbox 1897 1652 2011 1732; x_wconf 86' lang='lat' dir='ltr'>partes</span> 
     </span>
     <span class='ocr_line' id='line_1_18' title="bbox 307 1736 2010 1826; baseline -0.004 -22"><span class='ocrx_word' id='word_1_166' title='bbox 307 1737 409 1804; x_wconf 89' lang='lat' dir='ltr'>divisi</span> <span class='ocrx_word' id='word_1_167' title='bbox 431 1738 519 1804; x_wconf 89' lang='lat' dir='ltr'>inter</span> <span class='ocrx_word' id='word_1_168' title='bbox 547 1761 583 1804; x_wconf 89' lang='lat' dir='ltr'>se</span> <span class='ocrx_word' id='word_1_169' title='bbox 613 1745 840 1826; x_wconf 88' lang='lat' dir='ltr'>opponuntur.</span> <span class='ocrx_word' id='word_1_170' title='bbox 882 1739 977 1818; x_wconf 75' lang='lat' dir='ltr'>Quod</span> <span class='ocrx_word' id='word_1_171' title='bbox 1003 1762 1069 1824; x_wconf 93' lang='lat' dir='ltr'>quo</span> <span class='ocrx_word' id='word_1_172' title='bbox 1093 1739 1302 1804; x_wconf 84' lang='lat' dir='ltr'>commodius</span> <span class='ocrx_word' id='word_1_173' title='bbox 1326 1739 1395 1821; x_wconf 88' lang='lat' dir='ltr'>fiat,</span> <span class='ocrx_word' id='word_1_174' title='bbox 1425 1738 1478 1802; x_wconf 88' lang='grc' dir='ltr'>καί</span> <span class='ocrx_word' id='word_1_175' title='bbox 1510 1743 1588 1802; x_wconf 78' lang='grc' dir='ltr'>κοτε</span> <span class='ocrx_word' id='word_1_176' title='bbox 1617 1736 1767 1802; x_wconf 92' lang='grc' dir='ltr'>κνώδαλα</span> <span class='ocrx_word' id='word_1_177' title='bbox 1790 1758 1859 1802; x_wconf 91' lang='lat' dir='ltr'>non</span> <span class='ocrx_word' id='word_1_178' title='bbox 1883 1741 2010 1820; x_wconf 88' lang='lat' dir='ltr'>atque</span> 
     </span>
     <span class='ocr_line' id='line_1_19' title="bbox 305 1823 2012 1915; baseline -0.003 -23"><span class='ocrx_word' id='word_1_179' title='bbox 305 1829 478 1913; x_wconf 83' lang='lat' dir='ltr'>intellego,</span> <span class='ocrx_word' id='word_1_180' title='bbox 504 1828 563 1893; x_wconf 89' lang='lat' dir='ltr'>sed</span> <span class='ocrx_word' id='word_1_181' title='bbox 586 1827 760 1893; x_wconf 77' lang='lat' dir='ltr'>alteriaci</span> <span class='ocrx_word' id='word_1_182' title='bbox 783 1829 986 1915; x_wconf 89' lang='lat' dir='ltr'>respondere</span> <span class='ocrx_word' id='word_1_183' title='bbox 1012 1833 1059 1913; x_wconf 86' lang='lat' dir='ltr'>(et</span> <span class='ocrx_word' id='word_1_184' title='bbox 1072 1826 1113 1877; x_wconf 55' lang='lat'>&#39;-</span> <span class='ocrx_word' id='word_1_185' title='bbox 1127 1830 1174 1913; x_wconf 86' lang='lat' dir='ltr'>et)</span> <span class='ocrx_word' id='word_1_186' title='bbox 1199 1827 1352 1894; x_wconf 85' lang='lat' dir='ltr'>arbitror.</span> <span class='ocrx_word' id='word_1_187' title='bbox 1391 1827 1477 1891; x_wconf 89' lang='lat' dir='ltr'>Mire</span> <span class='ocrx_word' id='word_1_188' title='bbox 1501 1832 1536 1891; x_wconf 91' lang='lat' dir='ltr'>et</span> <span class='ocrx_word' id='word_1_189' title='bbox 1558 1848 1666 1911; x_wconf 86' lang='lat' dir='ltr'>paene</span> <span class='ocrx_word' id='word_1_190' title='bbox 1684 1825 1826 1891; x_wconf 89' lang='lat' dir='ltr'>ridicule</span> <span class='ocrx_word' id='word_1_191' title='bbox 1843 1823 2012 1890; x_wconf 86' lang='lat' dir='ltr'>Oberdick</span> 
     </span>
     <span class='ocr_line' id='line_1_20' title="bbox 307 1913 2011 2005; baseline -0.003 -23"><span class='ocrx_word' id='word_1_192' title='bbox 307 1918 349 1982; x_wconf 90' lang='lat' dir='ltr'>de</span> <span class='ocrx_word' id='word_1_193' title='bbox 366 1917 484 1982; x_wconf 89' lang='lat' dir='ltr'>eadem</span> <span class='ocrx_word' id='word_1_194' title='bbox 499 1939 535 1982; x_wconf 90' lang='lat' dir='ltr'>re</span> <span class='ocrx_word' id='word_1_195' title='bbox 549 1940 610 2004; x_wconf 91' lang='lat' dir='ltr'>per</span> <span class='ocrx_word' id='word_1_196' title='bbox 625 1917 702 2004; x_wconf 87' lang='lat' dir='ltr'>plus</span> <span class='ocrx_word' id='word_1_197' title='bbox 720 1939 778 1981; x_wconf 87' lang='lat' dir='ltr'>sex</span> <span class='ocrx_word' id='word_1_198' title='bbox 794 1917 936 2004; x_wconf 85' lang='lat' dir='ltr'>paginas</span> <span class='ocrx_word' id='word_1_199' title='bbox 953 1918 1164 2005; x_wconf 89' lang='lat' dir='ltr'>exspatiatur</span> <span class='ocrx_word' id='word_1_200' title='bbox 1187 1924 1222 1983; x_wconf 91' lang='lat' dir='ltr'>et</span> <span class='ocrx_word' id='word_1_201' title='bbox 1245 1918 1345 2003; x_wconf 75' lang='grc' dir='ltr'>θῆρες</span> <span class='ocrx_word' id='word_1_202' title='bbox 1369 1915 1556 1982; x_wconf 78' lang='lat' dir='ltr'>Centauros</span> <span class='ocrx_word' id='word_1_203' title='bbox 1585 1937 1658 1981; x_wconf 86' lang='lat' dir='ltr'>esse</span> <span class='ocrx_word' id='word_1_204' title='bbox 1685 1915 1771 1998; x_wconf 89' lang='lat' dir='ltr'>vult,</span> <span class='ocrx_word' id='word_1_205' title='bbox 1801 1914 1836 1979; x_wconf 90' lang='lat' dir='ltr'>in</span> <span class='ocrx_word' id='word_1_206' title='bbox 1867 1913 2011 1979; x_wconf 90' lang='lat' dir='ltr'>eundem</span> 
     </span>
     <span class='ocr_line' id='line_1_21' title="bbox 307 2003 2010 2093; baseline -0.004 -21"><span class='ocrx_word' id='word_1_207' title='bbox 307 2028 450 2072; x_wconf 88' lang='lat' dir='ltr'>errorem</span> <span class='ocrx_word' id='word_1_208' title='bbox 476 2030 553 2073; x_wconf 90' lang='lat' dir='ltr'>cum</span> <span class='ocrx_word' id='word_1_209' title='bbox 581 2006 655 2072; x_wconf 91' lang='lat' dir='ltr'>aliis</span> <span class='ocrx_word' id='word_1_210' title='bbox 684 2006 825 2093; x_wconf 89' lang='lat' dir='ltr'>ipsoque</span> <span class='ocrx_word' id='word_1_211' title='bbox 848 2007 1054 2084; x_wconf 68' lang='lat' dir='ltr'>Hermanno</span> <span class='ocrx_word' id='word_1_212' title='bbox 1079 2007 1197 2093; x_wconf 69' lang='grc' dir='ltr'>δήραις</span> <span class='ocrx_word' id='word_1_213' title='bbox 1219 2028 1280 2093; x_wconf 93' lang='lat' dir='ltr'>pro</span> <span class='ocrx_word' id='word_1_214' title='bbox 1304 2007 1406 2091; x_wconf 71' lang='grc' dir='ltr'>θῆρες</span> <span class='ocrx_word' id='word_1_215' title='bbox 1428 2004 1625 2082; x_wconf 89' lang='lat' dir='ltr'>ooniciente,</span> <span class='ocrx_word' id='word_1_216' title='bbox 1655 2003 1817 2085; x_wconf 73' lang='lat' dir='ltr'>incidens</span> <span class='ocrx_word' id='word_1_217' title='bbox 1842 2012 1881 2069; x_wconf 93' lang='lat' dir='ltr'>ut</span> <span class='ocrx_word' id='word_1_218' title='bbox 1904 2003 2010 2086; x_wconf 76' lang='grc' dir='ltr'>τέρειν’</span> 
     </span>
     <span class='ocr_line' id='line_1_22' title="bbox 307 2092 2013 2183; baseline -0.002 -22"><span class='ocrx_word' id='word_1_219' title='bbox 307 2096 420 2180; x_wconf 84' lang='grc' dir='ltr'>ὀπώρα</span> <span class='ocrx_word' id='word_1_220' title='bbox 444 2118 577 2183; x_wconf 88' lang='lat' dir='ltr'>semper</span> <span class='ocrx_word' id='word_1_221' title='bbox 601 2096 644 2160; x_wconf 89' lang='lat' dir='ltr'>ad</span> <span class='ocrx_word' id='word_1_222' title='bbox 665 2095 803 2163; x_wconf 89' lang='lat' dir='ltr'>Veneris</span> <span class='ocrx_word' id='word_1_223' title='bbox 827 2097 977 2161; x_wconf 85' lang='lat' dir='ltr'>fructum</span> <span class='ocrx_word' id='word_1_224' title='bbox 1000 2096 1138 2162; x_wconf 88' lang='lat' dir='ltr'>referat:</span> <span class='ocrx_word' id='word_1_225' title='bbox 1167 2097 1295 2182; x_wconf 87' lang='lat' dir='ltr'>,Lebte</span> <span class='ocrx_word' id='word_1_226' title='bbox 1319 2094 1407 2161; x_wconf 92' lang='lat' dir='ltr'>doch</span> <span class='ocrx_word' id='word_1_227' title='bbox 1422 2097 1560 2160; x_wconf 90' lang='lat' dir='ltr'>Danaos</span> <span class='ocrx_word' id='word_1_228' title='bbox 1583 2093 1620 2159; x_wconf 91' lang='lat' dir='ltr'>in</span> <span class='ocrx_word' id='word_1_229' title='bbox 1639 2095 1731 2159; x_wconf 87' lang='lat' dir='ltr'>einer</span> <span class='ocrx_word' id='word_1_230' title='bbox 1752 2093 1838 2171; x_wconf 71' lang='lat' dir='ltr'>zois,</span> <span class='ocrx_word' id='word_1_231' title='bbox 1863 2115 1916 2158; x_wconf 87' lang='lat' dir='ltr'>wo</span> <span class='ocrx_word' id='word_1_232' title='bbox 1940 2092 2013 2156; x_wconf 88' lang='lat' dir='ltr'>der-</span> 
     </span>
     <span class='ocr_line' id='line_1_23' title="bbox 306 2183 1742 2272; baseline -0.001 -22"><span class='ocrx_word' id='word_1_233' title='bbox 306 2185 462 2272; x_wconf 86' lang='lat' dir='ltr'>gleichen</span> <span class='ocrx_word' id='word_1_234' title='bbox 485 2185 636 2251; x_wconf 89' lang='grc' dir='ltr'>κνώδαλα</span> <span class='ocrx_word' id='word_1_235' title='bbox 660 2186 713 2250; x_wconf 90' lang='lat' dir='ltr'>die</span> <span class='ocrx_word' id='word_1_236' title='bbox 738 2185 913 2250; x_wconf 73' lang='lat' dir='ltr'>Tochter</span> <span class='ocrx_word' id='word_1_237' title='bbox 936 2186 996 2250; x_wconf 93' lang='lat' dir='ltr'>der</span> <span class='ocrx_word' id='word_1_238' title='bbox 1019 2185 1204 2251; x_wconf 88' lang='lat' dir='ltr'>Menschan</span> <span class='ocrx_word' id='word_1_239' title='bbox 1228 2202 1271 2250; x_wconf 88' lang='lat' dir='ltr'>zu</span> <span class='ocrx_word' id='word_1_240' title='bbox 1294 2184 1530 2272; x_wconf 88' lang='lat' dir='ltr'>beunruhigen</span> <span class='ocrx_word' id='word_1_241' title='bbox 1552 2183 1742 2271; x_wconf 77' lang='lat' dir='ltr'>pflegten!“</span> 
     </span>
    </p>
   </div>
   <div class='ocr_carea' id='block_1_6' title="bbox 470 2303 1355 2477">
    <p class='ocr_par' dir='ltr' id='par_1_6' title="bbox 470 2303 1355 2477">
     <span class='ocr_line' id='line_1_24' title="bbox 470 2303 1355 2387; baseline 0 -19"><span class='ocrx_word' id='word_1_242' title='bbox 470 2303 555 2369; x_wconf 89' lang='grc'>1006</span> <span class='ocrx_word' id='word_1_243' title='bbox 578 2306 659 2387; x_wconf 84' lang='grc' dir='ltr'>πρὸς</span> <span class='ocrx_word' id='word_1_244' title='bbox 680 2314 779 2366; x_wconf 84' lang='grc' dir='ltr'>ταῦτα</span> <span class='ocrx_word' id='word_1_245' title='bbox 803 2303 846 2387; x_wconf 79' lang='grc' dir='ltr'>μὴ</span> <span class='ocrx_word' id='word_1_246' title='bbox 871 2303 1036 2387; x_wconf 79' lang='grc' dir='ltr'>πάθωμεν,</span> <span class='ocrx_word' id='word_1_247' title='bbox 1062 2306 1104 2368; x_wconf 86' lang='grc' dir='ltr'>ών</span> <span class='ocrx_word' id='word_1_248' title='bbox 1128 2304 1227 2380; x_wconf 87' lang='grc' dir='ltr'>πολὺς</span> <span class='ocrx_word' id='word_1_249' title='bbox 1250 2305 1355 2380; x_wconf 82' lang='grc' dir='ltr'>πόνος,</span> 
     </span>
     <span class='ocr_line' id='line_1_25' title="bbox 579 2391 1236 2477; baseline 0.003 -22"><span class='ocrx_word' id='word_1_250' title='bbox 579 2392 678 2469; x_wconf 88' lang='grc' dir='ltr'>πολὺς</span> <span class='ocrx_word' id='word_1_251' title='bbox 701 2393 736 2456; x_wconf 84' lang='grc' dir='ltr'>δὲ</span> <span class='ocrx_word' id='word_1_252' title='bbox 758 2391 872 2469; x_wconf 80' lang='grc' dir='ltr'>πόντος</span> <span class='ocrx_word' id='word_1_253' title='bbox 895 2396 996 2457; x_wconf 80' lang='grc' dir='ltr'>οὕνεκ’</span> <span class='ocrx_word' id='word_1_254' title='bbox 1022 2393 1131 2477; x_wconf 74' lang='grc' dir='ltr'>ἠρόδη</span> <span class='ocrx_word' id='word_1_255' title='bbox 1158 2393 1236 2476; x_wconf 84' lang='grc' dir='ltr'>δορί.</span> 
     </span>
    </p>
   </div>
   <div class='ocr_carea' id='block_1_7' title="bbox 308 2507 2015 2952">
    <p class='ocr_par' dir='ltr' id='par_1_7' title="bbox 308 2507 2015 2952">
     <span class='ocr_line' id='line_1_26' title="bbox 467 2507 2014 2596; baseline 0.001 -24"><span class='ocrx_word' id='word_1_256' title='bbox 467 2507 523 2572; x_wconf 87' lang='lat' dir='ltr'>Ad</span> <span class='ocrx_word' id='word_1_257' title='bbox 548 2507 751 2574; x_wconf 86' lang='lat' dir='ltr'>brevitatem</span> <span class='ocrx_word' id='word_1_258' title='bbox 781 2507 944 2574; x_wconf 90' lang='lat' dir='ltr'>sermonis</span> <span class='ocrx_word' id='word_1_259' title='bbox 969 2511 1012 2574; x_wconf 87' lang='grc' dir='ltr'>ών</span> <span class='ocrx_word' id='word_1_260' title='bbox 1038 2512 1153 2574; x_wconf 81' lang='grc' dir='ltr'>οὕνεκα</span> <span class='ocrx_word' id='word_1_261' title='bbox 1179 2548 1217 2556; x_wconf 85' lang='grc'>-</span> <span class='ocrx_word' id='word_1_262' title='bbox 1243 2533 1275 2573; x_wconf 92' lang='grc' dir='ltr'>π.</span> <span class='ocrx_word' id='word_1_263' title='bbox 1300 2509 1410 2596; x_wconf 77' lang='grc' dir='ltr'>ἠρόδη</span> <span class='ocrx_word' id='word_1_264' title='bbox 1436 2531 1467 2593; x_wconf 91' lang='lat' dir='ltr'>q.</span> <span class='ocrx_word' id='word_1_265' title='bbox 1485 2531 1512 2573; x_wconf 91' lang='lat' dir='ltr'>e.</span> <span class='ocrx_word' id='word_1_266' title='bbox 1541 2530 1703 2595; x_wconf 84' lang='lat' dir='ltr'>,quorum</span> <span class='ocrx_word' id='word_1_267' title='bbox 1728 2509 2014 2592; x_wconf 90' lang='lat' dir='ltr'>(avertendorum)</span> 
     </span>
     <span class='ocr_line' id='line_1_27' title="bbox 308 2597 2014 2685; baseline 0.003 -24"><span class='ocrx_word' id='word_1_268' title='bbox 308 2618 412 2662; x_wconf 91' lang='lat' dir='ltr'>causa</span> <span class='ocrx_word' id='word_1_269' title='bbox 446 2602 580 2663; x_wconf 88' lang='lat' dir='ltr'>tantum</span> <span class='ocrx_word' id='word_1_270' title='bbox 617 2597 718 2663; x_wconf 90' lang='lat' dir='ltr'>maris</span> <span class='ocrx_word' id='word_1_271' title='bbox 753 2605 948 2682; x_wconf 89' lang='lat' dir='ltr'>peraratum</span> <span class='ocrx_word' id='word_1_272' title='bbox 983 2600 1053 2662; x_wconf 61' lang='grc' dir='ltr'>ποτα</span> <span class='ocrx_word' id='word_1_273' title='bbox 1088 2598 1129 2664; x_wconf 88' lang='lat' dir='ltr'>cf.</span> <span class='ocrx_word' id='word_1_274' title='bbox 1163 2605 1297 2685; x_wconf 89' lang='lat' dir='ltr'>praeter</span> <span class='ocrx_word' id='word_1_275' title='bbox 1325 2598 1517 2684; x_wconf 87' lang='lat' dir='ltr'>exemplum</span> <span class='ocrx_word' id='word_1_276' title='bbox 1545 2597 1720 2666; x_wconf 85' lang='lat' dir='ltr'>aWeckl.</span> <span class='ocrx_word' id='word_1_277' title='bbox 1745 2597 1886 2663; x_wconf 88' lang='lat' dir='ltr'>allatum</span> <span class='ocrx_word' id='word_1_278' title='bbox 1910 2597 2014 2685; x_wconf 85' lang='lat' dir='ltr'>Soph.</span> 
     </span>
     <span class='ocr_line' id='line_1_28' title="bbox 308 2686 2015 2774; baseline 0.002 -24"><span class='ocrx_word' id='word_1_279' title='bbox 308 2686 388 2752; x_wconf 89' lang='lat' dir='ltr'>Ant.</span> <span class='ocrx_word' id='word_1_280' title='bbox 406 2687 473 2754; x_wconf 82' lang='lat'>458</span> <span class='ocrx_word' id='word_1_281' title='bbox 497 2689 536 2774; x_wconf 70' lang='grc' dir='ltr'>ζῇ</span> <span class='ocrx_word' id='word_1_282' title='bbox 560 2699 660 2751; x_wconf 81' lang='grc' dir='ltr'>ταῦτα</span> <span class='ocrx_word' id='word_1_283' title='bbox 683 2689 817 2764; x_wconf 80' lang='grc' dir='ltr'>κὀυδεὶς</span> <span class='ocrx_word' id='word_1_284' title='bbox 847 2689 928 2753; x_wconf 82' lang='grc' dir='ltr'>οἶδεν</span> <span class='ocrx_word' id='word_1_285' title='bbox 959 2687 991 2765; x_wconf 83' lang='grc' dir='ltr'>ἐξ</span> <span class='ocrx_word' id='word_1_286' title='bbox 1022 2691 1095 2753; x_wconf 85' lang='grc' dir='ltr'>δτου</span> <span class='ocrx_word' id='word_1_287' title='bbox 1119 2690 1214 2772; x_wconf 79' lang='grc' dir='ltr'>’φάνη</span> <span class='ocrx_word' id='word_1_288' title='bbox 1244 2691 1295 2768; x_wconf 82' lang='grc' dir='ltr'>(τὰ</span> <span class='ocrx_word' id='word_1_289' title='bbox 1319 2688 1404 2754; x_wconf 67' lang='grc' dir='ltr'>θεῶν</span> <span class='ocrx_word' id='word_1_290' title='bbox 1429 2691 1577 2774; x_wconf 80' lang='grc' dir='ltr'>ἄγραπτα</span> <span class='ocrx_word' id='word_1_291' title='bbox 1604 2688 1743 2773; x_wconf 76' lang='grc' dir='ltr'>νόμιμα).</span> <span class='ocrx_word' id='word_1_292' title='bbox 1781 2689 1928 2753; x_wconf 82' lang='grc' dir='ltr'>τούτων</span> <span class='ocrx_word' id='word_1_293' title='bbox 1952 2691 2015 2774; x_wconf 81' lang='grc' dir='ltr'>ἐγὼ</span> 
     </span>
     <span class='ocr_line' id='line_1_29' title="bbox 309 2776 2012 2862; baseline 0.001 -23"><span class='ocrx_word' id='word_1_294' title='bbox 309 2779 369 2840; x_wconf 81' lang='grc' dir='ltr'>οὐκ</span> <span class='ocrx_word' id='word_1_295' title='bbox 397 2777 528 2860; x_wconf 81' lang='grc' dir='ltr'>ἔμελλον</span> <span class='ocrx_word' id='word_1_296' title='bbox 558 2777 673 2860; x_wconf 82' lang='grc' dir='ltr'>ἀνδρὸς</span> <span class='ocrx_word' id='word_1_297' title='bbox 701 2778 829 2854; x_wconf 79' lang='grc' dir='ltr'>οὐδενὸς</span> <span class='ocrx_word' id='word_1_298' title='bbox 856 2777 1007 2862; x_wconf 79' lang='grc' dir='ltr'>φρόνημα</span> <span class='ocrx_word' id='word_1_299' title='bbox 1040 2777 1157 2842; x_wconf 78' lang='grc' dir='ltr'>δείσατ’</span> <span class='ocrx_word' id='word_1_300' title='bbox 1184 2779 1215 2843; x_wconf 84' lang='grc' dir='ltr'>ἐν</span> <span class='ocrx_word' id='word_1_301' title='bbox 1240 2777 1344 2843; x_wconf 76' lang='grc' dir='ltr'>θεοῖσι</span> <span class='ocrx_word' id='word_1_302' title='bbox 1373 2778 1430 2860; x_wconf 73' lang='grc' dir='ltr'>τὴν</span> <span class='ocrx_word' id='word_1_303' title='bbox 1460 2777 1549 2860; x_wconf 81' lang='grc' dir='ltr'>δίκην</span> <span class='ocrx_word' id='word_1_304' title='bbox 1579 2776 1698 2853; x_wconf 88' lang='grc' dir='ltr'>δώσειν,</span> <span class='ocrx_word' id='word_1_305' title='bbox 1730 2776 1789 2842; x_wconf 89' lang='lat' dir='ltr'>ubi</span> <span class='ocrx_word' id='word_1_306' title='bbox 1813 2777 2012 2843; x_wconf 70' lang='lat' dir='ltr'>adteritur:</span> 
     </span>
     <span class='ocr_line' id='line_1_30' title="bbox 309 2865 839 2952; baseline 0.008 -25"><span class='ocrx_word' id='word_1_307' title='bbox 309 2865 582 2952; x_wconf 82' lang='grc' dir='ltr'>ὑπερβαινομὲνιυν</span> <span class='ocrx_word' id='word_1_308' title='bbox 607 2866 839 2950; x_wconf 89' lang='lat' dir='ltr'>supplendum.</span> 
     </span>
    </p>
   </div>
   <div class='ocr_carea' id='block_1_8' title="bbox 310 2982 2014 3415">
    <p class='ocr_par' dir='ltr' id='par_1_8' title="bbox 310 2982 2014 3415">
     <span class='ocr_line' id='line_1_31' title="bbox 446 2982 2014 3068; baseline 0.002 -22"><span class='ocrx_word' id='word_1_309' title='bbox 446 3009 448 3014; x_wconf 66' lang='grc'>’</span> <span class='ocrx_word' id='word_1_310' title='bbox 469 3004 502 3046; x_wconf 83' lang='lat' dir='ltr'>v.</span> <span class='ocrx_word' id='word_1_311' title='bbox 521 2984 606 3049; x_wconf 79' lang='lat'>1012</span> <span class='ocrx_word' id='word_1_312' title='bbox 631 2984 726 3068; x_wconf 83' lang='grc' dir='ltr'>μόνον</span> <span class='ocrx_word' id='word_1_313' title='bbox 743 2982 912 3065; x_wconf 74' lang='grc' dir='ltr'>φύλαξαι</span> <span class='ocrx_word' id='word_1_314' title='bbox 929 2985 1012 3059; x_wconf 53' lang='lat' dir='ltr'>aare</span> <span class='ocrx_word' id='word_1_315' title='bbox 1031 2984 1197 3060; x_wconf 86' lang='grc' dir='ltr'>ἐπιστολὰς</span> <span class='ocrx_word' id='word_1_316' title='bbox 1212 2984 1340 3067; x_wconf 84' lang='grc' dir='ltr'>πατρός.</span> <span class='ocrx_word' id='word_1_317' title='bbox 1383 2983 1439 3047; x_wconf 82' lang='lat' dir='ltr'>Sic</span> <span class='ocrx_word' id='word_1_318' title='bbox 1456 3005 1571 3048; x_wconf 87' lang='lat' dir='ltr'>omnes</span> <span class='ocrx_word' id='word_1_319' title='bbox 1588 2982 1734 3048; x_wconf 84' lang='lat' dir='ltr'>editores</span> <span class='ocrx_word' id='word_1_320' title='bbox 1751 2982 1912 3051; x_wconf 87' lang='lat' dir='ltr'>scribunt.</span> <span class='ocrx_word' id='word_1_321' title='bbox 1949 2983 2014 3049; x_wconf 84' lang='lat' dir='ltr'>Sed</span> 
     </span>
     <span class='ocr_line' id='line_1_32' title="bbox 310 3069 2014 3160; baseline 0.002 -26"><span class='ocrx_word' id='word_1_322' title='bbox 310 3093 387 3134; x_wconf 92' lang='lat' dir='ltr'>cum</span> <span class='ocrx_word' id='word_1_323' title='bbox 413 3069 626 3154; x_wconf 72' lang='grc' dir='ltr'>φυλάττεσθαι</span> <span class='ocrx_word' id='word_1_324' title='bbox 650 3093 768 3136; x_wconf 89' lang='lat' dir='ltr'>cavere</span> <span class='ocrx_word' id='word_1_325' title='bbox 791 3072 991 3158; x_wconf 90' lang='lat' dir='ltr'>plerumque</span> <span class='ocrx_word' id='word_1_326' title='bbox 1015 3071 1193 3158; x_wconf 87' lang='lat' dir='ltr'>significet,</span> <span class='ocrx_word' id='word_1_327' title='bbox 1219 3094 1282 3158; x_wconf 92' lang='lat' dir='ltr'>ego</span> <span class='ocrx_word' id='word_1_328' title='bbox 1306 3072 1451 3156; x_wconf 81' lang='grc' dir='ltr'>φυλάξαι,</span> <span class='ocrx_word' id='word_1_329' title='bbox 1475 3071 1684 3138; x_wconf 90' lang='lat' dir='ltr'>infinitivum</span> <span class='ocrx_word' id='word_1_330' title='bbox 1707 3071 1909 3159; x_wconf 87' lang='lat' dir='ltr'>imperative</span> <span class='ocrx_word' id='word_1_331' title='bbox 1928 3073 2014 3160; x_wconf 89' lang='lat' dir='ltr'>posi-</span> 
     </span>
     <span class='ocr_line' id='line_1_33' title="bbox 312 3159 2014 3248; baseline 0.002 -24"><span class='ocrx_word' id='word_1_332' title='bbox 312 3166 396 3244; x_wconf 92' lang='lat' dir='ltr'>tum,</span> <span class='ocrx_word' id='word_1_333' title='bbox 421 3159 527 3225; x_wconf 90' lang='lat' dir='ltr'>statui</span> <span class='ocrx_word' id='word_1_334' title='bbox 542 3160 668 3227; x_wconf 88' lang='lat' dir='ltr'>malim.</span> <span class='ocrx_word' id='word_1_335' title='bbox 709 3165 865 3225; x_wconf 84' lang='lat' dir='ltr'>Ceterum</span> <span class='ocrx_word' id='word_1_336' title='bbox 888 3160 943 3226; x_wconf 94' lang='lat' dir='ltr'>cui</span> <span class='ocrx_word' id='word_1_337' title='bbox 965 3160 1071 3226; x_wconf 88' lang='lat' dir='ltr'>nihilo</span> <span class='ocrx_word' id='word_1_338' title='bbox 1096 3161 1207 3226; x_wconf 87' lang='lat' dir='ltr'>minus</span> <span class='ocrx_word' id='word_1_339' title='bbox 1230 3161 1336 3226; x_wconf 87' lang='lat' dir='ltr'>rarior</span> <span class='ocrx_word' id='word_1_340' title='bbox 1358 3161 1415 3226; x_wconf 90' lang='lat' dir='ltr'>ille</span> <span class='ocrx_word' id='word_1_341' title='bbox 1439 3160 1542 3225; x_wconf 90' lang='lat' dir='ltr'>medii</span> <span class='ocrx_word' id='word_1_342' title='bbox 1564 3183 1645 3225; x_wconf 92' lang='lat' dir='ltr'>usus</span> <span class='ocrx_word' id='word_1_343' title='bbox 1669 3160 1818 3227; x_wconf 87' lang='lat' dir='ltr'>arrideat</span> <span class='ocrx_word' id='word_1_344' title='bbox 1839 3162 2014 3248; x_wconf 90' lang='lat' dir='ltr'>potiorque</span> 
     </span>
     <span class='ocr_line' id='line_1_34' title="bbox 311 3247 2014 3339; baseline 0.002 -27"><span class='ocrx_word' id='word_1_345' title='bbox 311 3247 477 3332; x_wconf 87' lang='lat' dir='ltr'>videatur,</span> <span class='ocrx_word' id='word_1_346' title='bbox 509 3249 540 3314; x_wconf 87' lang='lat' dir='ltr'>ei</span> <span class='ocrx_word' id='word_1_347' title='bbox 570 3250 761 3336; x_wconf 85' lang='lat' dir='ltr'>exemplum</span> <span class='ocrx_word' id='word_1_348' title='bbox 791 3273 832 3314; x_wconf 85' lang='lat' dir='ltr'>ex</span> <span class='ocrx_word' id='word_1_349' title='bbox 855 3250 1003 3315; x_wconf 89' lang='lat' dir='ltr'>Pindaro</span> <span class='ocrx_word' id='word_1_350' title='bbox 1028 3249 1078 3317; x_wconf 92' lang='lat' dir='ltr'>Ol.</span> <span class='ocrx_word' id='word_1_351' title='bbox 1104 3250 1180 3315; x_wconf 91' lang='lat' dir='ltr'><strong>VII.</strong></span> <span class='ocrx_word' id='word_1_352' title='bbox 1205 3253 1250 3318; x_wconf 88' lang='grc'>40</span> <span class='ocrx_word' id='word_1_353' title='bbox 1273 3251 1491 3338; x_wconf 87' lang='lat' dir='ltr'>suppeditare</span> <span class='ocrx_word' id='word_1_354' title='bbox 1514 3250 1656 3337; x_wconf 88' lang='lat' dir='ltr'>possim:</span> <span class='ocrx_word' id='word_1_355' title='bbox 1683 3251 1889 3334; x_wconf 76' lang='grc' dir='ltr'>φυλάττεσδαι</span> <span class='ocrx_word' id='word_1_356' title='bbox 1909 3253 2014 3339; x_wconf 79' lang='grc' dir='ltr'>χρέος,</span> 
     </span>
     <span class='ocr_line' id='line_1_35' title="bbox 311 3335 1691 3415; baseline 0.007 -13"><span class='ocrx_word' id='word_1_357' title='bbox 311 3335 460 3402; x_wconf 84' lang='lat' dir='ltr'>officium</span> <span class='ocrx_word' id='word_1_358' title='bbox 485 3337 582 3415; x_wconf 87' lang='lat' dir='ltr'>tueri,</span> <span class='ocrx_word' id='word_1_359' title='bbox 607 3362 640 3406; x_wconf 87' lang='lat' dir='ltr'>v.</span> <span class='ocrx_word' id='word_1_360' title='bbox 663 3337 855 3404; x_wconf 88' lang='lat' dir='ltr'>Dissenum.</span> <span class='ocrx_word' id='word_1_361' title='bbox 896 3338 948 3405; x_wconf 77' lang='lat' dir='ltr'>Of.</span> <span class='ocrx_word' id='word_1_362' title='bbox 964 3342 1040 3407; x_wconf 78' lang='lat'><strong>205.</strong></span> <span class='ocrx_word' id='word_1_363' title='bbox 1689 3365 1691 3369; x_wconf 88' lang='grc'><em>·</em></span> 
     </span>
    </p>
   </div>
   <div class='ocr_carea' id='block_1_9' title="bbox 312 3455 2015 4618">
    <p class='ocr_par' dir='ltr' id='par_1_9' title="bbox 312 3455 2015 4618">
     <span class='ocr_line' id='line_1_36' title="bbox 473 3455 2014 3544; baseline 0.003 -26"><span class='ocrx_word' id='word_1_364' title='bbox 473 3455 559 3521; x_wconf 87' lang='grc'><strong>1019</strong></span> <span class='ocrx_word' id='word_1_365' title='bbox 582 3458 629 3518; x_wconf 86' lang='grc' dir='ltr'>ἴτε</span> <span class='ocrx_word' id='word_1_366' title='bbox 654 3459 715 3540; x_wconf 83' lang='grc' dir='ltr'>μὰν</span> <span class='ocrx_word' id='word_1_367' title='bbox 733 3458 950 3532; x_wconf 84' lang='grc' dir='ltr'>ἀστυάνακτας</span> <span class='ocrx_word' id='word_1_368' title='bbox 965 3458 1113 3541; x_wconf 82' lang='grc' dir='ltr'>μάκαρας</span> <span class='ocrx_word' id='word_1_369' title='bbox 1129 3459 1226 3533; x_wconf 71' lang='grc' dir='ltr'>θεοὺς</span> <span class='ocrx_word' id='word_1_370' title='bbox 1240 3457 1444 3542; x_wconf 47' lang='lat' dir='ltr'>lacaenae)</span> <span class='ocrx_word' id='word_1_371' title='bbox 1467 3457 1702 3540; x_wconf 90' lang='lat' dir='ltr'>Masculinum,</span> <span class='ocrx_word' id='word_1_372' title='bbox 1727 3457 1762 3520; x_wconf 91' lang='lat' dir='ltr'>in</span> <span class='ocrx_word' id='word_1_373' title='bbox 1786 3480 1852 3544; x_wconf 95' lang='lat' dir='ltr'>quo</span> <span class='ocrx_word' id='word_1_374' title='bbox 1876 3457 2014 3522; x_wconf 84' lang='lat' dir='ltr'>offendi-</span> 
     </span>
     <span class='ocr_line' id='line_1_37' title="bbox 313 3541 2015 3632; baseline 0.004 -26"><span class='ocrx_word' id='word_1_375' title='bbox 313 3564 398 3619; x_wconf 91' lang='lat' dir='ltr'>mus,</span> <span class='ocrx_word' id='word_1_376' title='bbox 421 3541 554 3607; x_wconf 89' lang='lat' dir='ltr'>Weckl.</span> <span class='ocrx_word' id='word_1_377' title='bbox 577 3564 654 3608; x_wconf 89' lang='lat' dir='ltr'>cum</span> <span class='ocrx_word' id='word_1_378' title='bbox 674 3543 798 3610; x_wconf 92' lang='lat' dir='ltr'>Weilio</span> <span class='ocrx_word' id='word_1_379' title='bbox 823 3566 861 3610; x_wconf 92' lang='lat' dir='ltr'>eo</span> <span class='ocrx_word' id='word_1_380' title='bbox 886 3546 1042 3631; x_wconf 88' lang='lat' dir='ltr'>explicat,</span> <span class='ocrx_word' id='word_1_381' title='bbox 1067 3546 1157 3630; x_wconf 92' lang='lat' dir='ltr'>quod</span> <span class='ocrx_word' id='word_1_382' title='bbox 1181 3545 1286 3611; x_wconf 90' lang='lat' dir='ltr'>etiam</span> <span class='ocrx_word' id='word_1_383' title='bbox 1309 3546 1374 3611; x_wconf 89' lang='lat' dir='ltr'>viri</span> <span class='ocrx_word' id='word_1_384' title='bbox 1397 3546 1434 3611; x_wconf 87' lang='lat' dir='ltr'>in</span> <span class='ocrx_word' id='word_1_385' title='bbox 1456 3545 1591 3632; x_wconf 87' lang='lat' dir='ltr'>agmine</span> <span class='ocrx_word' id='word_1_386' title='bbox 1615 3546 1693 3629; x_wconf 88' lang='lat' dir='ltr'>sint,</span> <span class='ocrx_word' id='word_1_387' title='bbox 1718 3547 1857 3612; x_wconf 89' lang='lat' dir='ltr'>Danaus</span> <span class='ocrx_word' id='word_1_388' title='bbox 1881 3545 2015 3632; x_wconf 89' lang='lat' dir='ltr'>quidem</span> 
     </span>
     <span class='ocr_line' id='line_1_38' title="bbox 313 3630 2014 3722; baseline 0.004 -27"><span class='ocrx_word' id='word_1_389' title='bbox 313 3637 348 3695; x_wconf 87' lang='lat' dir='ltr'>et</span> <span class='ocrx_word' id='word_1_390' title='bbox 375 3630 448 3716; x_wconf 71' lang='lat' dir='ltr'>ejus</span> <span class='ocrx_word' id='word_1_391' title='bbox 479 3631 652 3700; x_wconf 87' lang='lat' dir='ltr'>satellites.</span> <span class='ocrx_word' id='word_1_392' title='bbox 701 3633 767 3699; x_wconf 87' lang='lat' dir='ltr'>Sed</span> <span class='ocrx_word' id='word_1_393' title='bbox 796 3634 858 3699; x_wconf 92' lang='lat' dir='ltr'>hos</span> <span class='ocrx_word' id='word_1_394' title='bbox 888 3634 1127 3721; x_wconf 88' lang='lat' dir='ltr'>comprehendi</span> <span class='ocrx_word' id='word_1_395' title='bbox 1155 3657 1255 3722; x_wconf 90' lang='lat' dir='ltr'>posse</span> <span class='ocrx_word' id='word_1_396' title='bbox 1283 3657 1352 3701; x_wconf 89' lang='lat' dir='ltr'>non</span> <span class='ocrx_word' id='word_1_397' title='bbox 1379 3634 1489 3701; x_wconf 88' lang='lat' dir='ltr'>oredo.</span> <span class='ocrx_word' id='word_1_398' title='bbox 1536 3635 1625 3700; x_wconf 89' lang='lat' dir='ltr'>Nam</span> <span class='ocrx_word' id='word_1_399' title='bbox 1654 3637 1822 3720; x_wconf 88' lang='lat' dir='ltr'>quomodo</span> <span class='ocrx_word' id='word_1_400' title='bbox 1845 3636 2014 3703; x_wconf 86' lang='lat' dir='ltr'>Danaides</span> 
     </span>
     <span class='ocr_line' id='line_1_39' title="bbox 312 3719 2014 3811; baseline 0.004 -27"><span class='ocrx_word' id='word_1_401' title='bbox 312 3719 471 3806; x_wconf 86' lang='lat' dir='ltr'>Argivos,</span> <span class='ocrx_word' id='word_1_402' title='bbox 494 3743 556 3808; x_wconf 90' lang='lat' dir='ltr'>per</span> <span class='ocrx_word' id='word_1_403' title='bbox 579 3744 614 3786; x_wconf 89' lang='lat' dir='ltr'>se</span> <span class='ocrx_word' id='word_1_404' title='bbox 626 3722 834 3808; x_wconf 85' lang='lat' dir='ltr'>Argivorum</span> <span class='ocrx_word' id='word_1_405' title='bbox 851 3724 931 3790; x_wconf 90' lang='lat' dir='ltr'>deos</span> <span class='ocrx_word' id='word_1_406' title='bbox 954 3729 1166 3805; x_wconf 87' lang='lat' dir='ltr'>venerantes,</span> <span class='ocrx_word' id='word_1_407' title='bbox 1190 3724 1320 3789; x_wconf 88' lang='lat' dir='ltr'>hortari</span> <span class='ocrx_word' id='word_1_408' title='bbox 1334 3731 1504 3811; x_wconf 88' lang='lat' dir='ltr'>poterant,</span> <span class='ocrx_word' id='word_1_409' title='bbox 1529 3729 1568 3789; x_wconf 93' lang='lat' dir='ltr'>ut</span> <span class='ocrx_word' id='word_1_410' title='bbox 1583 3724 1649 3789; x_wconf 89' lang='lat' dir='ltr'>illis</span> <span class='ocrx_word' id='word_1_411' title='bbox 1665 3724 1826 3790; x_wconf 88' lang='lat' dir='ltr'>honorem</span> <span class='ocrx_word' id='word_1_412' title='bbox 1843 3724 2014 3810; x_wconf 89' lang='lat' dir='ltr'>haberent,</span> 
     </span>
     <span class='ocr_line' id='line_1_40' title="bbox 313 3808 2014 3903; baseline 0.003 -28"><span class='ocrx_word' id='word_1_413' title='bbox 313 3808 481 3894; x_wconf 89' lang='lat' dir='ltr'>quomodo</span> <span class='ocrx_word' id='word_1_414' title='bbox 500 3831 558 3876; x_wconf 91' lang='lat' dir='ltr'>eos</span> <span class='ocrx_word' id='word_1_415' title='bbox 574 3811 756 3900; x_wconf 89' lang='lat' dir='ltr'>participes</span> <span class='ocrx_word' id='word_1_416' title='bbox 773 3812 884 3878; x_wconf 86' lang='lat' dir='ltr'>facere</span> <span class='ocrx_word' id='word_1_417' title='bbox 901 3812 1069 3895; x_wconf 89' lang='lat' dir='ltr'>desiderii,</span> <span class='ocrx_word' id='word_1_418' title='bbox 1093 3819 1132 3878; x_wconf 92' lang='lat' dir='ltr'>ut</span> <span class='ocrx_word' id='word_1_419' title='bbox 1147 3812 1258 3878; x_wconf 89' lang='lat' dir='ltr'>Diana</span> <span class='ocrx_word' id='word_1_420' title='bbox 1274 3835 1295 3879; x_wconf 91' lang='lat' dir='ltr'>a</span> <span class='ocrx_word' id='word_1_421' title='bbox 1309 3812 1438 3898; x_wconf 89' lang='lat' dir='ltr'>nuptiis</span> <span class='ocrx_word' id='word_1_422' title='bbox 1452 3835 1529 3879; x_wconf 90' lang='lat' dir='ltr'>oum</span> <span class='ocrx_word' id='word_1_423' title='bbox 1544 3812 1754 3900; x_wconf 88' lang='lat' dir='ltr'>patruelibus</span> <span class='ocrx_word' id='word_1_424' title='bbox 1771 3814 2014 3903; x_wconf 87' lang='lat' dir='ltr'>conjungendis</span> 
     </span>
     <span class='ocr_line' id='line_1_41' title="bbox 313 3895 2014 3990; baseline 0.004 -27"><span class='ocrx_word' id='word_1_425' title='bbox 313 3920 349 3963; x_wconf 90' lang='lat' dir='ltr'>se</span> <span class='ocrx_word' id='word_1_426' title='bbox 373 3895 535 3964; x_wconf 86' lang='lat' dir='ltr'>defendat</span> <span class='ocrx_word' id='word_1_427' title='bbox 557 3901 683 3987; x_wconf 80' lang='lat'><strong>(1033).</strong></span> <span class='ocrx_word' id='word_1_428' title='bbox 729 3903 800 3968; x_wconf 87' lang='lat' dir='ltr'>Nec</span> <span class='ocrx_word' id='word_1_429' title='bbox 823 3901 933 3987; x_wconf 89' lang='lat' dir='ltr'>magis</span> <span class='ocrx_word' id='word_1_430' title='bbox 957 3903 999 3967; x_wconf 92' lang='lat' dir='ltr'>de</span> <span class='ocrx_word' id='word_1_431' title='bbox 1021 3908 1119 3988; x_wconf 90' lang='lat' dir='ltr'>patre</span> <span class='ocrx_word' id='word_1_432' title='bbox 1142 3902 1285 3987; x_wconf 90' lang='lat' dir='ltr'>cogitari</span> <span class='ocrx_word' id='word_1_433' title='bbox 1307 3923 1407 3990; x_wconf 85' lang='lat' dir='ltr'>posse</span> <span class='ocrx_word' id='word_1_434' title='bbox 1430 3909 1524 3990; x_wconf 90' lang='lat' dir='ltr'>puto,</span> <span class='ocrx_word' id='word_1_435' title='bbox 1554 3903 1612 3989; x_wconf 90' lang='lat' dir='ltr'>qui</span> <span class='ocrx_word' id='word_1_436' title='bbox 1634 3904 1707 3990; x_wconf 90' lang='lat' dir='ltr'>ipse</span> <span class='ocrx_word' id='word_1_437' title='bbox 1731 3925 1787 3968; x_wconf 89' lang='lat' dir='ltr'>eas</span> <span class='ocrx_word' id='word_1_438' title='bbox 1810 3903 1912 3990; x_wconf 86' lang='lat' dir='ltr'>hujus</span> <span class='ocrx_word' id='word_1_439' title='bbox 1937 3905 2014 3970; x_wconf 88' lang='lat' dir='ltr'>civi-</span> 
     </span>
     <span class='ocr_line' id='line_1_42' title="bbox 313 3986 2014 4079; baseline 0.004 -27"><span class='ocrx_word' id='word_1_440' title='bbox 313 3986 394 4052; x_wconf 87' lang='lat' dir='ltr'>tatis</span> <span class='ocrx_word' id='word_1_441' title='bbox 419 3987 499 4053; x_wconf 90' lang='lat' dir='ltr'>deos</span> <span class='ocrx_word' id='word_1_442' title='bbox 523 3989 632 4055; x_wconf 87' lang='lat' dir='ltr'>colere</span> <span class='ocrx_word' id='word_1_443' title='bbox 653 3991 803 4077; x_wconf 85' lang='lat' dir='ltr'>jusserat</span> <span class='ocrx_word' id='word_1_444' title='bbox 826 3995 927 4076; x_wconf 81' lang='lat'>(980),</span> <span class='ocrx_word' id='word_1_445' title='bbox 953 3993 1010 4076; x_wconf 91' lang='lat' dir='ltr'>qui</span> <span class='ocrx_word' id='word_1_446' title='bbox 1027 4002 1145 4057; x_wconf 86' lang='lat' dir='ltr'>cantus</span> <span class='ocrx_word' id='word_1_447' title='bbox 1166 3992 1374 4078; x_wconf 90' lang='lat' dir='ltr'>insequentis</span> <span class='ocrx_word' id='word_1_448' title='bbox 1390 3993 1518 4056; x_wconf 90' lang='lat' dir='ltr'>nullam</span> <span class='ocrx_word' id='word_1_449' title='bbox 1533 3999 1666 4079; x_wconf 89' lang='lat' dir='ltr'>partem</span> <span class='ocrx_word' id='word_1_450' title='bbox 1682 3993 1786 4058; x_wconf 90' lang='lat' dir='ltr'>habet</span> <span class='ocrx_word' id='word_1_451' title='bbox 1800 4017 1864 4059; x_wconf 89' lang='lat' dir='ltr'>neo</span> <span class='ocrx_word' id='word_1_452' title='bbox 1886 3998 2014 4060; x_wconf 84' lang='lat' dir='ltr'>-sive</span> 
     </span>
     <span class='ocr_line' id='line_1_43' title="bbox 313 4076 2014 4170; baseline 0.005 -30"><span class='ocrx_word' id='word_1_453' title='bbox 313 4076 362 4140; x_wconf 91' lang='lat' dir='ltr'>rei</span> <span class='ocrx_word' id='word_1_454' title='bbox 378 4076 448 4142; x_wconf 90' lang='lat' dir='ltr'>sive</span> <span class='ocrx_word' id='word_1_455' title='bbox 465 4077 652 4144; x_wconf 78' lang='lat' dir='ltr'>scaenicum</span> <span class='ocrx_word' id='word_1_456' title='bbox 668 4080 833 4147; x_wconf 89' lang='lat' dir='ltr'>rationem</span> <span class='ocrx_word' id='word_1_457' title='bbox 857 4081 1055 4168; x_wconf 89' lang='lat' dir='ltr'>respicimus</span> <span class='ocrx_word' id='word_1_458' title='bbox 1073 4081 1256 4148; x_wconf 91' lang='lat' dir='ltr'>—habere</span> <span class='ocrx_word' id='word_1_459' title='bbox 1279 4082 1480 4170; x_wconf 81' lang='lat' dir='ltr'>poterat.**)</span> <span class='ocrx_word' id='word_1_460' title='bbox 1514 4081 1624 4147; x_wconf 88' lang='lat' dir='ltr'>Immo</span> <span class='ocrx_word' id='word_1_461' title='bbox 1639 4081 1833 4148; x_wconf 86' lang='lat' dir='ltr'>Kotthoffio</span> <span class='ocrx_word' id='word_1_462' title='bbox 1849 4084 2014 4167; x_wconf 75' lang='lat' dir='ltr'>(Quaesti-</span> 
     </span>
     <span class='ocr_line' id='line_1_44' title="bbox 314 4165 2014 4260; baseline 0.004 -29"><span class='ocrx_word' id='word_1_463' title='bbox 314 4187 394 4231; x_wconf 91' lang='lat' dir='ltr'>ones</span> <span class='ocrx_word' id='word_1_464' title='bbox 415 4165 627 4254; x_wconf 83' lang='lat' dir='ltr'>Aeschyleae</span> <span class='ocrx_word' id='word_1_465' title='bbox 650 4192 728 4256; x_wconf 89' lang='lat' dir='ltr'>pars</span> <span class='ocrx_word' id='word_1_466' title='bbox 751 4171 861 4257; x_wconf 90' lang='lat' dir='ltr'>prima</span> <span class='ocrx_word' id='word_1_467' title='bbox 883 4173 1053 4257; x_wconf 85' lang='lat' dir='ltr'>p.1·-13,</span> <span class='ocrx_word' id='word_1_468' title='bbox 1078 4193 1191 4258; x_wconf 87' lang='lat' dir='ltr'>progr.</span> <span class='ocrx_word' id='word_1_469' title='bbox 1208 4171 1415 4240; x_wconf 85' lang='lat' dir='ltr'>Puderborn.</span> <span class='ocrx_word' id='word_1_470' title='bbox 1434 4172 1532 4257; x_wconf 78' lang='lat'>1885)</span> <span class='ocrx_word' id='word_1_471' title='bbox 1557 4170 1690 4255; x_wconf 87' lang='lat' dir='ltr'>accedo,</span> <span class='ocrx_word' id='word_1_472' title='bbox 1715 4172 1831 4238; x_wconf 89' lang='lat' dir='ltr'>multis</span> <span class='ocrx_word' id='word_1_473' title='bbox 1856 4173 2014 4260; x_wconf 85' lang='lat' dir='ltr'>exemplis</span> 
     </span>
     <span class='ocr_line' id='line_1_45' title="bbox 314 4254 2014 4348; baseline 0.005 -29"><span class='ocrx_word' id='word_1_474' title='bbox 314 4254 445 4320; x_wconf 91' lang='lat' dir='ltr'>collatis</span> <span class='ocrx_word' id='word_1_475' title='bbox 471 4255 639 4342; x_wconf 87' lang='lat' dir='ltr'>judicanti</span> <span class='ocrx_word' id='word_1_476' title='bbox 661 4259 871 4346; x_wconf 89' lang='lat' dir='ltr'>Aeschylum</span> <span class='ocrx_word' id='word_1_477' title='bbox 901 4283 1010 4347; x_wconf 85' lang='lat' dir='ltr'>genus</span> <span class='ocrx_word' id='word_1_478' title='bbox 1041 4262 1264 4327; x_wconf 89' lang='lat' dir='ltr'>masculinum</span> <span class='ocrx_word' id='word_1_479' title='bbox 1287 4259 1543 4348; x_wconf 87' lang='lat' dir='ltr'>participiorum</span> <span class='ocrx_word' id='word_1_480' title='bbox 1567 4260 1700 4348; x_wconf 89' lang='lat' dir='ltr'>saepius</span> <span class='ocrx_word' id='word_1_481' title='bbox 1725 4283 1801 4326; x_wconf 89' lang='lat' dir='ltr'>cum</span> <span class='ocrx_word' id='word_1_482' title='bbox 1825 4262 2014 4327; x_wconf 89' lang='lat' dir='ltr'>nominibus</span> 
     </span>
     <span class='ocr_line' id='line_1_46' title="bbox 314 4344 2014 4437; baseline 0.005 -29"><span class='ocrx_word' id='word_1_483' title='bbox 314 4344 487 4410; x_wconf 87' lang='lat' dir='ltr'>femininis</span> <span class='ocrx_word' id='word_1_484' title='bbox 511 4347 749 4431; x_wconf 86' lang='lat' dir='ltr'>construxisse,</span> <span class='ocrx_word' id='word_1_485' title='bbox 774 4357 813 4415; x_wconf 92' lang='lat' dir='ltr'>ut</span> <span class='ocrx_word' id='word_1_486' title='bbox 835 4349 1015 4437; x_wconf 86' lang='lat' dir='ltr'>participia</span> <span class='ocrx_word' id='word_1_487' title='bbox 1036 4350 1071 4415; x_wconf 91' lang='lat' dir='ltr'>in</span> <span class='ocrx_word' id='word_1_488' title='bbox 1096 4350 1275 4437; x_wconf 86' lang='lat' dir='ltr'>adjectivis</span> <span class='ocrx_word' id='word_1_489' title='bbox 1298 4351 1542 4427; x_wconf 88' lang='lat' dir='ltr'>communibus,</span> <span class='ocrx_word' id='word_1_490' title='bbox 1568 4373 1653 4436; x_wconf 90' lang='lat' dir='ltr'>quae</span> <span class='ocrx_word' id='word_1_491' title='bbox 1677 4351 1819 4417; x_wconf 86' lang='lat' dir='ltr'>eandem</span> <span class='ocrx_word' id='word_1_492' title='bbox 1842 4351 2014 4418; x_wconf 85' lang='lat' dir='ltr'>masculini</span> 
     </span>
     <span class='ocr_line' id='line_1_47' title="bbox 315 4432 2014 4529; baseline 0.005 -31"><span class='ocrx_word' id='word_1_493' title='bbox 315 4440 350 4498; x_wconf 88' lang='lat' dir='ltr'>et</span> <span class='ocrx_word' id='word_1_494' title='bbox 373 4432 528 4500; x_wconf 84' lang='lat' dir='ltr'>feminini</span> <span class='ocrx_word' id='word_1_495' title='bbox 558 4435 831 4504; x_wconf 86' lang='lat' dir='ltr'>terminationem</span> <span class='ocrx_word' id='word_1_496' title='bbox 865 4439 990 4506; x_wconf 89' lang='lat' dir='ltr'>habere</span> <span class='ocrx_word' id='word_1_497' title='bbox 1024 4447 1176 4526; x_wconf 89' lang='lat' dir='ltr'>possunt,</span> <span class='ocrx_word' id='word_1_498' title='bbox 1212 4439 1386 4516; x_wconf 80' lang='lat' dir='ltr'>referenda</span> <span class='ocrx_word' id='word_1_499' title='bbox 1422 4439 1500 4507; x_wconf 89' lang='lat' dir='ltr'>sint.</span> <span class='ocrx_word' id='word_1_500' title='bbox 1549 4440 1645 4519; x_wconf 81' lang='lat' dir='ltr'>Quod</span> <span class='ocrx_word' id='word_1_501' title='bbox 1674 4439 1710 4505; x_wconf 92' lang='lat' dir='ltr'>in</span> <span class='ocrx_word' id='word_1_502' title='bbox 1734 4441 1827 4507; x_wconf 89' lang='lat' dir='ltr'>duali</span> <span class='ocrx_word' id='word_1_503' title='bbox 1849 4442 1905 4507; x_wconf 91' lang='lat' dir='ltr'>vel</span> <span class='ocrx_word' id='word_1_504' title='bbox 1927 4443 2014 4529; x_wconf 91' lang='lat' dir='ltr'>apud</span> 
     </span>
     <span class='ocr_line' id='line_1_48' title="bbox 316 4523 2014 4618; baseline 0.006 -30"><span class='ocrx_word' id='word_1_505' title='bbox 316 4523 491 4610; x_wconf 86' lang='lat' dir='ltr'>pedestres</span> <span class='ocrx_word' id='word_1_506' title='bbox 508 4533 662 4591; x_wconf 89' lang='lat' dir='ltr'>auctores</span> <span class='ocrx_word' id='word_1_507' title='bbox 678 4525 823 4594; x_wconf 86' lang='lat' dir='ltr'>inveniri</span> <span class='ocrx_word' id='word_1_508' title='bbox 850 4536 970 4595; x_wconf 91' lang='lat' dir='ltr'>notum</span> <span class='ocrx_word' id='word_1_509' title='bbox 994 4537 1057 4613; x_wconf 90' lang='lat' dir='ltr'>est,</span> <span class='ocrx_word' id='word_1_510' title='bbox 1081 4537 1116 4595; x_wconf 92' lang='lat' dir='ltr'>et</span> <span class='ocrx_word' id='word_1_511' title='bbox 1139 4551 1216 4595; x_wconf 90' lang='lat' dir='ltr'>cum</span> <span class='ocrx_word' id='word_1_512' title='bbox 1239 4530 1282 4596; x_wconf 90' lang='lat' dir='ltr'>ab</span> <span class='ocrx_word' id='word_1_513' title='bbox 1305 4529 1380 4594; x_wconf 89' lang='lat' dir='ltr'>aliis</span> <span class='ocrx_word' id='word_1_514' title='bbox 1403 4537 1476 4596; x_wconf 84' lang='lat' dir='ltr'>tum</span> <span class='ocrx_word' id='word_1_515' title='bbox 1491 4553 1511 4594; x_wconf 93' lang='lat' dir='ltr'>a</span> <span class='ocrx_word' id='word_1_516' title='bbox 1526 4529 1683 4617; x_wconf 80' lang='lat' dir='ltr'>Kriigero</span> <span class='ocrx_word' id='word_1_517' title='bbox 1708 4531 1799 4618; x_wconf 64' lang='lat'>§58</span> <span class='ocrx_word' id='word_1_518' title='bbox 1818 4537 1847 4600; x_wconf 92' lang='lat'>1.</span> <span class='ocrx_word' id='word_1_519' title='bbox 1863 4532 1905 4598; x_wconf 86' lang='grc' dir='ltr'>Α.</span> <span class='ocrx_word' id='word_1_520' title='bbox 1924 4541 1942 4599; x_wconf 89' lang='grc'>3</span> <span class='ocrx_word' id='word_1_521' title='bbox 1967 4539 2014 4598; x_wconf 80' lang='lat' dir='ltr'>est</span> 
     </span>
    </p>
   </div>
   <div class='ocr_carea' id='block_1_10' title="bbox 314 4614 2014 4706">
    <p class='ocr_par' dir='ltr' id='par_1_10' title="bbox 314 4614 2014 4706">
     <span class='ocr_line' id='line_1_49' title="bbox 314 4614 2014 4706; baseline 0.005 -28"><span class='ocrx_word' id='word_1_522' title='bbox 314 4619 481 4697; x_wconf 89' lang='lat' dir='ltr'>notatum,</span> <span class='ocrx_word' id='word_1_523' title='bbox 513 4614 556 4679; x_wconf 92' lang='lat' dir='ltr'>de</span> <span class='ocrx_word' id='word_1_524' title='bbox 580 4615 653 4681; x_wconf 88' lang='lat' dir='ltr'>aliis</span> <span class='ocrx_word' id='word_1_525' title='bbox 684 4617 832 4681; x_wconf 88' lang='lat' dir='ltr'>numeris</span> <span class='ocrx_word' id='word_1_526' title='bbox 857 4619 898 4686; x_wconf 86' lang='grc' dir='ltr'>Α.</span> <span class='ocrx_word' id='word_1_527' title='bbox 916 4619 1125 4706; x_wconf 77' lang='lat' dir='ltr'>Matthiae·§</span> <span class='ocrx_word' id='word_1_528' title='bbox 1147 4621 1223 4686; x_wconf 82' lang='lat'><strong>436.</strong></span> <span class='ocrx_word' id='word_1_529' title='bbox 1249 4621 1279 4684; x_wconf 84' lang='lat'>2.</span> <span class='ocrx_word' id='word_1_530' title='bbox 1305 4619 1411 4686; x_wconf 90' lang='lat' dir='ltr'>docet.</span> <span class='ocrx_word' id='word_1_531' title='bbox 1460 4619 1523 4684; x_wconf 89' lang='lat' dir='ltr'>His</span> <span class='ocrx_word' id='word_1_532' title='bbox 1555 4619 1717 4706; x_wconf 89' lang='lat' dir='ltr'>expositis</span> <span class='ocrx_word' id='word_1_533' title='bbox 1745 4619 1817 4706; x_wconf 86' lang='lat' dir='ltr'>jam</span> <span class='ocrx_word' id='word_1_534' title='bbox 1845 4621 1946 4687; x_wconf 87' lang='lat' dir='ltr'>redeo</span> <span class='ocrx_word' id='word_1_535' title='bbox 1975 4624 2014 4687; x_wconf 90' lang='lat' dir='ltr'>ad</span> 
     </span>
    </p>
   </div>
   <div class='ocr_carea' id='block_1_11' title="bbox 315 4808 2014 5097">
    <p class='ocr_par' dir='ltr' id='par_1_11' title="bbox 315 4808 2014 5097">
     <span class='ocr_line' id='line_1_50' title="bbox 315 4808 2014 4942; baseline 0.006 -83"><span class='ocrx_word' id='word_1_536' title='bbox 315 4879 356 4942; x_wconf 68' lang='lat' dir='ltr'>,f</span> <span class='ocrx_word' id='word_1_537' title='bbox 420 4883 453 4934; x_wconf 68' lang='lat'>48</span> <span class='ocrx_word' id='word_1_538' title='bbox 467 4808 502 4880; x_wconf 85' lang='grc'>’*)</span> <span class='ocrx_word' id='word_1_539' title='bbox 530 4808 595 4898; x_wconf 50' lang='lat' dir='ltr'>{loc</span> <span class='ocrx_word' id='word_1_540' title='bbox 623 4812 774 4866; x_wconf 58' lang='lat' dir='ltr'>verbumr</span> <span class='ocrx_word' id='word_1_541' title='bbox 786 4817 916 4883; x_wconf 75' lang='grc' dir='ltr'>ρανάημι,</span> <span class='ocrx_word' id='word_1_542' title='bbox 945 4821 1059 4884; x_wconf 81' lang='lat' dir='ltr'>practer</span> <span class='ocrx_word' id='word_1_543' title='bbox 1078 4813 1258 4886; x_wconf 87' lang='lat' dir='ltr'>Aeschylum</span> <span class='ocrx_word' id='word_1_544' title='bbox 1282 4832 1299 4868; x_wconf 90' lang='lat' dir='ltr'>a</span> <span class='ocrx_word' id='word_1_545' title='bbox 1323 4815 1401 4870; x_wconf 90' lang='lat' dir='ltr'>nullo</span> <span class='ocrx_word' id='word_1_546' title='bbox 1425 4820 1606 4887; x_wconf 88' lang='lat' dir='ltr'>usurpatum,</span> <span class='ocrx_word' id='word_1_547' title='bbox 1632 4820 1730 4870; x_wconf 88' lang='lat' dir='ltr'>nescio</span> <span class='ocrx_word' id='word_1_548' title='bbox 1755 4834 1811 4888; x_wconf 89' lang='lat' dir='ltr'>quo</span> <span class='ocrx_word' id='word_1_549' title='bbox 1835 4823 1919 4887; x_wconf 84' lang='lat' dir='ltr'>pacto</span> <span class='ocrx_word' id='word_1_550' title='bbox 1944 4817 2014 4872; x_wconf 78' lang='lat' dir='ltr'>Todl</span> 
     </span>
     <span class='ocr_line' id='line_1_51' title="bbox 328 4882 2014 5030; baseline 0.005 -26"><span class='ocrx_word' id='word_1_551' title='bbox 328 4900 343 4931; x_wconf 47' lang='lat' dir='ltr'>b</span> <span class='ocrx_word' id='word_1_552' title='bbox 358 4921 362 4932; x_wconf 43' lang='grc' dir='ltr'>Ι</span> <span class='ocrx_word' id='word_1_553' title='bbox 378 4897 404 4949; x_wconf 39' lang='grc' dir='ltr'>ρ’</span> <span class='ocrx_word' id='word_1_554' title='bbox 455 4882 717 5023; x_wconf 55' lang='grc' dir='ltr'>)’3’ξλῃῗώώόοοώεοι</span> <span class='ocrx_word' id='word_1_555' title='bbox 741 4960 855 5026; x_wconf 85' lang='lat' dir='ltr'>partem</span> <span class='ocrx_word' id='word_1_556' title='bbox 878 4956 940 5010; x_wconf 90' lang='lat' dir='ltr'>abit</span> <span class='ocrx_word' id='word_1_557' title='bbox 965 4955 1102 5012; x_wconf 85' lang='lat' dir='ltr'>Kotthoff</span> <span class='ocrx_word' id='word_1_558' title='bbox 1127 4965 1227 5012; x_wconf 85' lang='lat' dir='ltr'>contra</span> <span class='ocrx_word' id='word_1_559' title='bbox 1247 4963 1281 5014; x_wconf 85' lang='lat' dir='ltr'><strong>W</strong></span> <span class='ocrx_word' id='word_1_560' title='bbox 1285 4957 1384 5012; x_wconf 83' lang='lat' dir='ltr'>ellium</span> <span class='ocrx_word' id='word_1_561' title='bbox 1405 4957 1519 5014; x_wconf 77' lang='lat' dir='ltr'>discens</span> <span class='ocrx_word' id='word_1_562' title='bbox 1540 4961 1578 5030; x_wconf 89' lang='lat' dir='ltr'>(p.</span> <span class='ocrx_word' id='word_1_563' title='bbox 1592 4962 1634 5027; x_wconf 77' lang='lat' dir='ltr'>bl:</span> <span class='ocrx_word' id='word_1_564' title='bbox 1663 4967 1696 5014; x_wconf 89' lang='lat' dir='ltr'>ut</span> <span class='ocrx_word' id='word_1_565' title='bbox 1719 4963 1777 5014; x_wconf 89' lang='lat' dir='ltr'>sint</span> <span class='ocrx_word' id='word_1_566' title='bbox 1797 4991 1830 5003; x_wconf 50' lang='lat'>*—</span> <span class='ocrx_word' id='word_1_567' title='bbox 1851 4961 1971 5016; x_wconf 85' lang='lat' dir='ltr'>Danaus</span> <span class='ocrx_word' id='word_1_568' title='bbox 1991 4967 2014 5013; x_wconf 82' lang='lat' dir='ltr'>el</span> 
     </span>
     <span class='ocr_line' id='line_1_52' title="bbox 318 5022 1032 5097; baseline 0.02 -24"><span class='ocrx_word' id='word_1_569' title='bbox 318 5022 458 5078; x_wconf 85' lang='lat' dir='ltr'>satellites</span> <span class='ocrx_word' id='word_1_570' title='bbox 478 5055 512 5064; x_wconf 90' lang='lat'><strong>—</strong></span> <span class='ocrx_word' id='word_1_571' title='bbox 532 5029 561 5078; x_wconf 89' lang='lat' dir='ltr'>in</span> <span class='ocrx_word' id='word_1_572' title='bbox 582 5030 706 5097; x_wconf 86' lang='lat' dir='ltr'>agmine,</span> <span class='ocrx_word' id='word_1_573' title='bbox 726 5043 786 5082; x_wconf 89' lang='lat' dir='ltr'>non</span> <span class='ocrx_word' id='word_1_574' title='bbox 803 5031 871 5084; x_wconf 86' lang='lat' dir='ltr'>sunt</span> <span class='ocrx_word' id='word_1_575' title='bbox 888 5031 919 5082; x_wconf 90' lang='lat' dir='ltr'>in</span> <span class='ocrx_word' id='word_1_576' title='bbox 937 5028 1032 5087; x_wconf 89' lang='lat' dir='ltr'>choro.</span> 
     </span>
    </p>
   </div>
   <div class='ocr_carea' id='block_1_12' title="bbox 0 0 2079 5792">
    <p class='ocr_par' dir='ltr' id='par_1_12' title="bbox 0 0 2079 5792">
     <span class='ocr_line' id='line_1_53' title="bbox 0 0 2079 5792; baseline 0 0"><span class='ocrx_word' id='word_1_577' title='bbox 0 0 2079 5792; x_wconf 95' lang='lat' dir='ltr'> </span> 
     </span>
    </p>
   </div>
  </div>
 </body>
</html>
