4122 5792
296 453 432 520 videtur
454 452 634 542 accepisse.
674 454 738 518 Sed
766 461 907 540 apparet
941 456 1205 524 construendum
1241 479 1329 520 esse:
1365 459 1400 519 τό
1424 459 1588 538 πάνσοφον
1622 469 1714 522 τοῦτο
1740 457 1811 520 sire
1845 472 1936 522 τοῦτο
1960 464 1995 522 τό

295 545 459 628 πάνσοφον
483 546 585 627 ὄνομα
610 567 660 628 μοι
684 547 826 627 φροίσονι
857 543 1042 630 sapientiae
1067 545 1130 608 hoc
1154 545 1308 609 columen
1342 544 1554 632 (principem)
1590 547 1725 611 nomine
1759 547 1882 612 indica.
1930 549 2001 614 Sed,

296 635 477 720 quaeritur,
495 633 553 717 qui
569 656 627 698 rex
644 633 708 697 hoc
724 633 833 697 dicere
850 633 1010 718 potuerit,
1035 656 1111 697 oum
1128 656 1236 718 neque
1253 635 1364 698 adhuc
1379 643 1511 719 patrem
1535 635 1814 702 animadvertisse
1830 638 1995 720 videatur,

295 745 357 788 nec
381 729 470 788 certe
495 722 696 809 sapientiam
719 722 793 807 ejus
817 728 975 809 expertus
991 721 1043 786 sit.
1090 723 1263 788 Hermann
1280 745 1357 788 eum
1372 730 1512 810 propter
1526 725 1619 788 varia
1635 725 1775 790 inventa
1796 726 1997 812 prudentiae

296 812 395 876 laude
418 811 571 877 floruisse
596 809 745 877 ostendit
768 811 930 898 additque
952 833 1068 898 regem
1092 813 1133 877 de
1157 811 1247 877 notis
1272 812 1335 877 sibi
1352 813 1452 877 rebus
1477 835 1644 897 quaerere.
1693 815 1792 879 Hunc
1809 815 1995 894 Schwerdr,

295 901 407 966 Kruse
431 900 541 987 (cujus
565 899 742 966 translatio
765 923 882 966 veram
906 901 1110 966 sententiam
1138 907 1229 966 recte
1258 902 1421 966 declarat:
1454 903 1498 966 So
1521 902 1580 988 gib
1609 903 1699 967 deun
1728 903 1842 968 deines
1871 905 1995 970 weis'en

296 991 417 1056 Vaters
445 991 578 1056 Nomen
606 989 724 1074 kund),
757 989 927 1054 Oberdick
961 997 1158 1074 sequuntur.
1205 990 1331 1056 Contra
1354 991 1445 1055 Weil
1480 990 1699 1066 nihilominus
1723 993 1765 1056 de
1788 992 1996 1079 integritate

295 1079 481 1166 scripturae
505 1078 664 1144 dubitans
688 1081 903 1164 παντόσεμνον
927 1080 1112 1166 proposuit.
1160 1080 1236 1165 Ego
1259 1079 1338 1144 huic
1367 1079 1563 1146 difficultati
1593 1083 1720 1165 optime
1745 1083 1874 1148 occurri
1896 1105 1996 1170 posse

295 1169 461 1252 existim0,
486 1166 515 1232 si
537 1191 672 1234 versum
698 1190 812 1252 unum,
842 1178 901 1233 aut
925 1169 953 1232 si
987 1168 1231 1254 stichomythia
1264 1169 1437 1255 impediat,
1474 1171 1558 1234 duos
1593 1170 1802 1236 intercidisse
1836 1179 1995 1258 putamus

294 1280 399 1343 eoque
415 1258 534 1344 magis
556 1257 634 1342 quia
649 1259 685 1323 in
705 1257 770 1323 hoc
793 1258 958 1343 colloquio
975 1259 1079 1324 etiam
1096 1258 1169 1322 aliis
1185 1257 1267 1324 loeis
1289 1258 1452 1324 excidisse
1473 1281 1591 1326 versus
1608 1259 1764 1326 omnibus
1780 1269 1995 1348 perspectum

294 1355 356 1413 cst.
406 1347 580 1434 Suppletis
604 1347 709 1434 igitur
733 1346 864 1413 duobus
888 1347 1042 1412 versibus
1066 1348 1131 1412 hoo
1154 1346 1224 1412 fere
1248 1349 1347 1413 modo
1371 1348 1558 1414 orationem
1581 1349 1784 1434 processisse
1807 1359 1934 1418 statuo:

594 1491 692 1555 Ohor.
718 1489 824 1574 Βῆλον
849 1491 984 1577 δίπαιδα,
1009 1491 1133 1573 πατέρα
1156 1491 1240 1555 τοῦδ’
1267 1493 1345 1576 ἐμοῦ
1368 1495 1488 1575 πατρὸς

715 1583 769 1643 τόν
792 1581 893 1644 πλοῦν
918 1591 1024 1663 σοφῶς
1047 1582 1090 1656 εἰς
1111 1580 1205 1664 τήνδε
1227 1589 1286 1665 γῆν
1311 1583 1443 1667 σχόντος
1467 1582 1563 1664 φρενί.

618 1723 692 1787 Rex
716 1725 768 1788 καί
793 1725 854 1808 μην
880 1725 1016 1809 ἀγαστόν
1042 1723 1084 1799 ὡς
1107 1723 1254 1808 ἀφίκεσθ’
1281 1727 1430 1810 εὐτυχῶς.

718 1813 762 1876 Τό
787 1813 951 1897 πάνσοφον
975 1825 1027 1878 νῦν
1053 1816 1154 1896 ὄνομα
1177 1813 1269 1876 τοῦτό
1294 1835 1344 1898 μοι
1369 1815 1503 1898 φράσον.

469 1978 502 2021 ν.
520 1957 584 2021 362
610 1958 647 2019 σὺ
672 1956 707 2018 δὲ
730 1963 804 2039 παρ’
832 1957 983 2041 ὀψιγόνου
1009 1956 1095 2038 μάθε
1118 1956 1316 2040 γεραιόφρων
1342 1957 1428 2040 (cod.
1444 1958 1692 2042 γεραιοφρόνων)

609 2046 828 2128 ποτιτρόπαιον
853 2047 1026 2130 αἰδόμενος,
1052 2049 1107 2109 οῦν
1131 2067 1190 2128 περ

450 2187 516 2253 Pro
541 2195 698 2274 corrupto
723 2192 778 2252 ούν
802 2211 861 2271 περ
887 2187 967 2252 olim
991 2193 1025 2251 εὑ
1050 2199 1150 2272 περᾷς
1173 2211 1217 2255 sc.
1243 2187 1350 2252 vitam
1375 2188 1460 2253 bene
1487 2189 1654 2274 transiges
1685 2189 1904 2274 conjeceram,
1936 2192 1993 2254 sed

291 2276 427 2363 cognita
451 2276 593 2362 Hauptii
630 2276 865 2342 emendatione
900 2281 1046 2361 εύπορεῖς
1074 2277 1167 2341 illam
1191 2276 1319 2362 reliqui.
1368 2277 1456 2343 Nam
1478 2285 1518 2342 ut
1545 2278 1603 2342 illa
1627 2279 1668 2343 ad
1703 2278 1834 2344 litteras
1869 2279 1993 2345 codicis

288 2367 428 2452 propius
444 2365 584 2447 accedit,
606 2365 656 2430 ita
671 2366 759 2430 banc
775 2366 966 2451 graviorem
984 2366 1185 2430 sententiam
1203 2365 1373 2453 praebere,
1397 2374 1572 2453 praeterea
1588 2367 1731 2432 scholio:
1750 2373 1787 2432 ού
1804 2371 1995 2455 πτωχεύσεις

289 2456 559 2521 commendatam
584 2455 693 2520 video.

446 2599 667 2686 Insequentia
690 2599 807 2665 verba:
833 2600 983 2683 ἱεροδόκα
1007 2599 1092 2664 θεῶν
1117 2600 1232 2684 λήματ’
1249 2601 1420 2683 ἀπ’ἀνδρδς
1444 2602 1551 2686 ἁγνοῦ,
1581 2601 1644 2664 etsi
1668 2602 1819 2687 graviter
1837 2611 1994 2690 corrupta

288 2696 394 2844 L{111th
397 2695 552 2844 Βίαμχοτὲά
556 2711 636 2843 ,pipp
665 2689 814 2766 dubium,
851 2689 931 2769 quin
967 2688 1107 2753 eandem
1143 2690 1347 2753 sententiam
1382 2691 1588 2772 contineant,
1624 2712 1726 2774 quam
1749 2691 1858 2755 Horat
1883 2689 1992 2759 Oarm.

717 2884 880 2950 Immunis
905 2907 997 2950 aram
1022 2884 1050 2948 si
1074 2884 1190 2970 tetigit
1213 2908 1342 2968 manus,

716 2976 793 3040 Non
817 2979 1016 3061 sumptuosa
1039 2973 1194 3040 blandior
1215 2975 1328 3040 hostia

716 3063 866 3129 Mollivit
888 3085 1024 3129 aversos
1047 3070 1187 3148 penates

716 3154 817 3218 Ferre
841 3153 897 3239 pio
922 3159 956 3217 et
979 3153 1121 3217 saliente
1144 3153 1231 3216 mica

450 3304 484 3361 et
507 3320 549 3362 ex
577 3296 744 3362 contrario
769 3296 884 3362 Cicero
920 3297 961 3360 de
986 3297 1068 3380 Lag.
1086 3297 1144 3364 41:
1184 3295 1309 3381 ,Donis
1343 3296 1440 3380 impii
1462 3319 1505 3361 ne
1539 3297 1672 3383 placare
1707 3297 1855 3362 audeant
1890 3299 1989 3364 deos“

290 3384 465 3450 Platonem
495 3387 694 3471 respiciens:
725 3390 814 3470 παρὰ
838 3389 873 3450 δὲ
897 3398 1010 3471 μιαροῦ
1035 3387 1123 3469 δῶρα
1148 3390 1219 3450 οὔτε
1243 3387 1343 3469 ἄνδρα
1368 3389 1492 3470 ἀγαθόν
1517 3391 1588 3451 οὔτε
1612 3387 1688 3452 θεόν
1713 3389 1775 3452 ἔστι
1798 3391 1875 3452 ποτὲ
1897 3391 1932 3453 τό
1956 3413 1993 3474 γε

291 3475 391 3558 ὀρθόν
416 3475 580 3562 δέχεσθαι.
626 3476 678 3541 Of.
695 3477 877 3540 Zaleucum
901 3476 1012 3558 (Diod.
1034 3485 1083 3541 12.
1106 3476 1163 3542 2οι
1196 3485 1257 3540 τῶν
1282 3475 1366 3540 θεῶν
1391 3479 1427 3540 ού
1463 3478 1636 3562 χαιρόντων
1659 3485 1726 3552 ταῖς
1748 3487 1808 3541 τῶν
1843 3490 1992 3563 πονηρῶν

290 3563 413 3641 θυσίαις
428 3587 461 3629 τε
477 3567 530 3629 καί
547 3566 707 3642 δαπάναις.
756 3566 981 3642 Quamobrem
997 3563 1182 3652 probabilis
1199 3564 1315 3630 Weilii
1338 3565 1543 3631 emendatio:
1569 3567 1725 3649 ίεροδοκεῑ
1742 3567 1826 3631 θεῶν
1843 3568 1992 3632 πάνδικον

289 3656 426 3736 εὐμενῶς
449 3654 545 3740 σέβας
567 3655 706 3739 λήμματ’
730 3658 784 3718 ἀπ’
808 3655 923 3738 ἀνδρὸς
946 3657 1053 3739 ἁγνοῦ.

575 3819 607 3862 ν.
624 3799 690 3864 380
714 3801 871 3884 ἀμηχανῶ
896 3799 931 3861 δὲ
954 3799 1007 3861 καί
1030 3799 1129 3882 φόβος
1152 3799 1251 3882 μ’έχει
1275 3796 1392 3880 φρένας

715 3887 830 3970 δρᾶσαί
852 3909 885 3950 τε
911 3887 953 3970 μή
978 3887 1093 3969 δρᾶσαί
1115 3889 1224 3950 τεκαὶ
1247 3888 1365 3972 τύχην
1390 3887 1500 3952 ἑλεῖν.

447 4027 578 4094 Weckl.
595 4037 686 4094 recte
710 4029 871 4116 explicat:
897 4029 957 4094 das
975 4029 1041 4094 Los
1063 4051 1106 4092 zu
1121 4027 1254 4094 wahlen
1271 4029 1344 4115 (das
1361 4028 1480 4093 Risiko
1497 4052 1539 4092 zu
1563 4028 1750 4112 ergreifen),
1776 4030 1817 4096 cf.
1836 4029 1989 4115 Thucyd.

288 4116 465 4184 111.59.3
489 4118 542 4180 καί
566 4118 693 4194 δίκαιον,
719 4120 810 4204 εἰμὴ
835 4119 998 4204 πείθομεν,
1023 4119 1055 4194 ἐς
1076 4121 1115 4181 τὰ
1148 4121 1227 4182 αὐτὰ
1256 4118 1515 4202 καταστήσαντας
1541 4121 1594 4182 τόν
1624 4118 1819 4204 ξυντυχόντα
1848 4119 1989 4184 κίνδυνον

288 4205 377 4269 ἐᾶσαι
400 4205 485 4290 ήμᾱς
509 4209 622 4283 αύτούς
645 4209 776 4274 ἑλέσθαι
800 4217 855 4292 (ex
879 4207 1030 4274 oratione
1053 4207 1303 4272 Plataeensium
1328 4207 1369 4270 ad
1388 4207 1670 4273 lacedaemonios
1691 4207 1822 4292 judices
1847 4207 1987 4290 habita).

620 4352 685 4418 396
710 4351 877 4437 ξύμμαχον
901 4351 1080 4435 δ’έλόμενος
1103 4350 1191 4414 δίκαν
1215 4359 1303 4434 κρῖνε
1327 4349 1423 4437 σέβας
1444 4353 1480 4414 τό
1503 4353 1584 4434 πρὸς
1606 4350 1702 4416 θεῶν.

445 4491 575 4558 Weckl.
596 4492 773 4578 ,Erwthle
797 4494 851 4558 die
875 4493 963 4559 Dike
992 4516 1052 4558 zur
1074 4493 1374 4577 Bundcsgenossin
1401 4492 1471 4556 und
1500 4492 1695 4558 entscheide
1724 4492 1801 4557 dich
1832 4491 1887 4556 fiir
1917 4493 1987 4576 das,

285 4602 355 4645 was
379 4579 445 4644 den
469 4581 614 4647 thtern
637 4582 743 4669 heilig
765 4582 840 4649 ist.“
889 4583 974 4648 Mihi
999 4583 1095 4670 σέβας
1116 4587 1151 4647 τό
1175 4586 1256 4666 πρός
1278 4583 1363 4647 θεῶν
1391 4582 1505 4666 κρίνειν
1532 4604 1594 4666 pro
1622 4583 1734 4666 κρίνειν
1758 4585 1793 4646 τό
1818 4583 1878 4645 ὑπὸ
1903 4582 1988 4648 θεῶν

286 4670 455 4757 σεβόμενον
479 4670 534 4734 vel
556 4671 670 4757 potius
693 4672 865 4758 τιμώμενον
888 4675 1137 4758 (ἐπαινούμενον)
1163 4671 1343 4736 admodum
1369 4672 1490 4736 durum
1514 4671 1658 4754 videtur,
1681 4693 1744 4735 nec
1760 4671 1899 4735 deorum
1916 4693 1988 4736 esse

283 4761 319 4822 τό
336 4759 441 4846 σέβας,
466 4760 728 4846 venerationem,
752 4761 788 4836 in
804 4761 887 4827 alios
903 4761 1012 4826 aliave
1029 4767 1225 4827 convertere
1241 4761 1300 4825 sed
1321 4760 1538 4826 veneratione
1555 4759 1629 4824 coli.
1677 4761 1798 4844 Itaque
1815 4766 1987 4828 construo:

283 4847 447 4932 pietatem
469 4847 506 4914 in
528 4850 609 4915 deos
633 4852 759 4917 sociam
782 4850 947 4916 adhibens
966 4850 1024 4936 jus
1048 4849 1210 4936 discepto,
1235 4851 1438 4914 sententiam
1463 4849 1525 4914 dic⁴
1573 4850 1625 4914 Ne
1650 4871 1728 4912 vero
1756 4849 1986 4914 accusativum

283 4944 362 5021 post
389 4938 469 5021 πρός
491 4939 786 5026 praepositionem,
811 4941 911 5024 idem,
936 4941 1024 5022 quod
1049 4941 1101 5016 εἰς,
1127 4947 1313 5020 sonantem,
1338 4940 1499 5023 postules
1525 4938 1702 5020 genetivus
1719 4939 1838 5004 eodem
1861 4939 1987 5022 evadit,

283 5025 343 5090 sed
374 5026 440 5090 alia
468 5030 540 5094 via:
578 5029 675 5117 σέβας
704 5033 784 5116 πρὸς
811 5031 896 5096 θεῶν
927 5038 979 5094 est
1006 5029 1180 5095 veneratio
1209 5051 1228 5092 a
1258 5028 1329 5092 deis
1362 5029 1592 5115 proficiscens,
1624 5028 1721 5094 alteri
1752 5028 1886 5114 injecta.
1935 5028 1986 5095 Of.

283 5114 440 5202 Sophcol.
457 5117 510 5182 El.
529 5121 594 5185 783
623 5119 733 5206 ἡμέρᾳ
756 5125 819 5206 γὰρ
843 5121 909 5208 τῇδ’
940 5120 1130 5206 ἀπηλλάγην
1166 5119 1287 5204 φόβου
1323 5122 1420 5203 πρὸς
1457 5120 1546 5204 τῆσδ’
1570 5117 1690 5183 ἐκείνου
1714 5119 1759 5197 θ’,
1795 5117 1823 5184 si
1851 5117 1987 5204 quidem
