4122 5792
1106 215 1145 276 21

276 517 307 582 G
361 517 397 581 M
424 423 757 582 ὓ(1118611)υ1ὲ33111υυ
785 428 898 511 Lyceo
928 425 1013 490 bene
1043 425 1175 494 Weckl.
1201 423 1400 512 disputavit.
1448 421 1545 488 (loni.
1575 420 1678 486 etiam
1705 420 1747 490 de
1777 441 1815 484 eo
1845 417 1983 483 Preller.

309 541 337 582 Γ·
399 540 422 602 y
467 569 473 582 ·
517 539 581 602 ·P·
676 567 684 582 ·
1440 541 1442 546 ’

433 634 508 702 707.
532 632 587 697 Ad
612 637 831 718 praeceptum
848 632 938 714 deos,
963 631 1126 718 hospites,
1152 638 1310 718 parentes
1327 591 1454 717 pietate
1476 624 1702 715 prosequendi
1726 623 1883 704 ofiEum.
1902 625 1983 692 270:

704 739 777 824 ὄψει
801 741 836 804 δὲ
860 743 922 804 κἐί
934 762 977 817 τις
1000 740 1097 816 ἄλλος
1118 741 1220 824 ἤλιτεν
1245 740 1366 826 βροτῶν

702 831 723 913 ψ
748 829 825 893 θεόν
849 830 870 914 ἢ
896 828 984 906 ξένον
1007 835 1060 893 τιν’
1087 829 1209 916 ἀσεβῶν
1232 831 1253 913 ἢ
1277 828 1392 904 τοκέας
1415 827 1524 911 φίλους

706 919 817 1004 ἔχονθ’
843 919 976 982 ἕκαστον
998 928 1054 1002 τῆς
1078 918 1168 1003 δίκης
1192 917 1313 997 ἐπάξια.

556 1031 591 1089 et
613 1027 679 1090 545
703 1028 783 1108 πρὸς
804 1025 880 1089 τάδε
903 1047 947 1101 τις
968 1024 1089 1090 τοκέων
1116 1025 1212 1113 σέβας
1235 1029 1270 1089 eb
1294 1023 1429 1109 προτίων

706 1117 759 1178 καὶ
782 1113 961 1198 ξενοτίμους
985 1115 1177 1199 ἐπιστροφὰς
1201 1115 1354 1200 δωμάτων

707 1204 872 1287 αἰδόμενός
893 1225 936 1280 τις
960 1206 1050 1270 ἔστω.

441 1319 495 1384 Ad
519 1341 551 1386 v.
570 1322 634 1386 706
659 1320 888 1406 δαφνηφόροισι
913 1320 1095 1406 βουθύτοισι
1122 1329 1223 1406 τιμαῖς
1246 1319 1290 1388 cf.
1315 1321 1438 1385 Dettw.
1463 1341 1497 1404 p.
1517 1319 1566 1383 12.
1594 1313 1984 1401 „Bhrenbezeugungem

280 1410 333 1474 die
357 1409 403 1474 im
427 1408 560 1495 Tragen
584 1430 650 1473 von
674 1408 974 1474 Lorbeerkranzen
997 1410 1067 1475 und
1092 1410 1217 1496 Opfern
1243 1431 1311 1474 von
1334 1408 1464 1473 Stieren
1489 1405 1681 1472 bestehen.“

440 1536 504 1601 709
529 1533 756 1621 μεγιστοτίμου.
798 1535 847 1599 De
872 1534 1037 1600 vocabulo
1061 1534 1104 1603 cli
1120 1533 1220 1602 'roda
1243 1559 1273 1621 p.
1296 1535 1344 1600 19.

440 1661 505 1727 716
528 1681 643 1812 πρφρα
658 1659 802 1743 πρόσθεν
818 1663 937 1746 ὄμμασι
953 1660 1101 1747 βλέπουσ’
1121 1660 1204 1729 όδόν,
1240 1659 1272 1724 V
1295 1658 1391 1724 'luch
1407 1663 1447 1722 de
1459 1658 1605 1742 figurata
1623 1653 1812 1723 elocutione
1824 1651 1987 1737 Aeschyli

280 1773 313 1835 p.
335 1752 384 1831 15,
409 1748 551 1813 Schulze
598 1771 616 1812 e
639 1748 843 1831 imaginibus
867 1748 1013 1835 Aechyli
1035 1773 1068 1837 p.
1089 1751 1138 1816 13.

442 1864 597 1932 ves-35
621 1866 730 1948 πάτερ,
768 1867 935 1952 φοβοῦμαι,
960 1875 1032 1949 νῆες
1056 1866 1098 1943 ὡς
1122 1867 1298 1950 ὠκύπτεροι

515 2021 518 2028 ς
619 1956 741 2039 ἥκουσι,
767 1964 869 2040 μῆκος
892 1956 918 2018 δ’
945 1956 1092 2020 οὐδένέν
1116 1954 1204 2040 μέσῳ
1227 1956 1357 2041 χρόνου.

443 2069 575 2136 Weckl.
593 2070 789 2136 emendavit
811 2072 929 2156 ψξσυσι.
966 2072 1030 2137 Sed
1046 2092 1158 2136 nonne
1174 2077 1266 2136 recta
1282 2071 1406 2136 evadat
1422 2069 1592 2135 sententia
1608 2067 1703 2132 haec:
1729 2065 1841 2142 Pater,
1866 2087 1986 2152 pave0,

284 2157 441 2242 quoniam
466 2158 619 2224 celeriter
634 2159 846 2225 advenerunt
860 2182 965 2226 naves
981 2160 1075 2226 nullo
1095 2159 1274 2247 interjecto
1291 2159 1426 2247 spatio?
1449 2159 1537 2224 Nam
1552 2179 1615 2244 pro
1632 2155 1803 2223 celeritate
1820 2155 1987 2224 adventus

283 2247 402 2314 timere
426 2270 482 2314 eas
506 2254 771 2314 consentaneum
795 2256 877 2331 erat,
902 2273 944 2315 ne
966 2272 1036 2315 non
1058 2249 1168 2316 minus
1194 2249 1347 2315 celeriter
1362 2249 1570 2335 appellerent
1585 2269 1687 2332 seque
1708 2252 1874 2334 raperent.
1913 2244 1988 2308 Hoc

282 2336 382 2421 idem,
407 2338 495 2423 quod
520 2336 664 2420 videam,
690 2339 781 2405 Weil
804 2339 888 2406 vult.

444 2456 508 2521 755
533 2458 570 2519 σύ
595 2455 639 2540 μὴ
663 2455 799 2538 τριαίνας
820 2456 912 2532 τάςδε
935 2457 988 2520 καί
1012 2456 1096 2521 θεῶν
1121 2457 1199 2543 σέβη

535 2543 692 2621 δείσαντες
714 2544 804 2629 ἡμῶν
829 2551 910 2630 χεῖρ’
937 2544 1148 2632 ἀπόσχωνται,
1172 2546 1283 2629 πάτερ.

443 2659 564 2726 Nauck
594 2660 694 2746 στέφη
725 2681 786 2746 pro
817 2661 896 2747 σέβη
926 2659 1082 2745 conjecit,
1112 2662 1201 2745 quod
1230 2660 1357 2726 Weckl.
1382 2659 1519 2746 recepit,
1552 2659 1750 2739 Conington,
1780 2656 1888 2723 Petri:
1920 2657 1987 2740 ἕδη.

284 2747 360 2831 Ego
385 2749 521 2814 mallem
552 2749 658 2836 βρέτη.
707 2747 758 2814 Of.
783 2751 849 2816 430
879 2753 942 2816 ἀπό
973 2749 1108 2835 βρετέων
1137 2750 1189 2837 βίᾳ
1217 2749 1306 2826 δίκας
1334 2749 1507 2837 &popinam
1543 2752 1609 2816 463
1638 2747 1718 2825 νέοις
1744 2747 1846 2825 πίναξι
1876 2745 1989 2832 βρέτεα

284 2846 444 2922 κοσμῆσαι
467 2839 553 2904 τάδε.
601 2837 667 2903 Sed
697 2837 828 2904 haesito
858 2861 900 2904 an
931 2839 1009 2926 σέβη
1041 2839 1257 2905 retinendum
1285 2839 1337 2907 sit.
1385 2838 1500 2905 Possit
1529 2839 1618 2904 enim
1648 2838 1726 2924 σέβη
1752 2837 1836 2902 θεῶν
1861 2834 1989 2900 dictum

285 2947 359 2990 esse
386 2947 447 3012 pro
478 2930 585 3011 σεμνοί
609 2930 680 2992 θεοὶ
710 2936 811 3012 atque
835 2928 871 2992 hi
898 2928 1064 3014 imagines
1087 2927 1251 3014 intellegi.
1299 2927 1349 2996 Of.
1376 2929 1436 2994 Oh.
1461 2929 1527 2995 400
1549 2928 1643 2992 κλῦτε
1667 2929 1702 2991 δέ
1725 2925 1771 2992 Γᾶ
1794 2925 1933 3012 χθονίων
1956 2946 1989 2988 τε

286 3016 369 3102 τιμαί
392 3022 427 3080 et
450 3037 537 3101 quae
560 3018 602 3082 de
626 3015 806 3082 abstractis
831 3017 873 3082 ad
898 3019 1014 3103 ἔφαψιν
1039 3040 1140 3083 versu
1162 3019 1206 3084 46
1231 3018 1304 3105 (sed
1329 3017 1406 3084 vide
1430 3042 1461 3084 v.
1485 3020 1536 3100 18)
1561 3016 1641 3085 dixi.

447 3155 478 3196 v.
498 3134 572 3200 763.
591 3133 690 3200 Obor.
717 3134 759 3210 ὡς
781 3137 834 3198 καί
859 3134 997 3221 ματαίων
1023 3135 1155 3200 ἀνοσίων
1178 3157 1212 3198 τε
1235 3135 1405 3199 κνωδάλων

715 3225 842 3310 ἔχοντες
864 3225 963 3308 ὀργὰς
986 3225 1052 3310 χρὴ
1078 3224 1299 3308 φυλάσσεσθαι
1322 3225 1448 3308 κράτος.

445 3336 576 3403 Weckl.
604 3339 824 3404 ἀνακόλουθον
860 3361 932 3404 esse
967 3338 1153 3405 orationem
1186 3338 1367 3421 existimat,
1398 3361 1473 3403 cum
1502 3339 1587 3425 τάχα
1612 3341 1648 3403 ἂν
1672 3337 1861 3423 κρατήσειαν
1889 3343 1991 3422 poeta

286 3423 323 3488 in
352 3425 465 3490 animo
494 3426 660 3492 habuerit.
708 3429 786 3494 Non
814 3428 914 3493 video
938 3450 1004 3514 qua
1027 3451 1062 3493 re
1086 3427 1151 3506 hic,
1180 3451 1256 3493 cum
1287 3427 1371 3492 nihil
1402 3428 1447 3492 sit
1469 3429 1558 3513 quod
1583 3428 1777 3513 loquentem
1801 3423 1990 3501 conturbet,

289 3514 510 3596 ἀνακόλουθον
527 3523 715 3584 excusetur.
746 3517 903 3604 Plerique
919 3540 994 3583 cum
1011 3518 1166 3583 Turnebo
1184 3521 1315 3606 ἔχοντας
1339 3517 1500 3599 scribunt,
1525 3515 1616 3602 quod
1639 3515 1825 3582 accusativi
1845 3514 1991 3580 absoluti

288 3601 362 3667 loco
385 3603 535 3690 positum
551 3603 631 3672 Wk.
647 3603 826 3692 intellegit.
867 3607 942 3692 Ego
964 3629 1033 3672 non
1057 3607 1147 3672 hunc
1170 3608 1412 3686 accusativum,
1437 3607 1495 3671 sed
1520 3605 1706 3692 simplicem
1728 3603 1854 3691 objecti
1877 3609 1991 3669 statuo

289 3692 553 3774 εφυλάσσεσθαι
579 3695 798 3780 pendentem,
837 3698 886 3760 ita
913 3702 952 3760 ut
981 3695 1172 3783 pronomini
1203 3698 1330 3782 αύτούς,
1366 3696 1455 3783 quod
1489 3695 1730 3782 supplendum,
1767 3701 1845 3780 post
1874 3695 1992 3778 κράτος

290 3779 525 3865 substituatur,
554 3783 625 3848 vim
649 3807 688 3850 ac
710 3786 899 3872 potentiam
923 3807 1049 3865 eorum,
1078 3786 1264 3851 secundum
1287 3787 1432 3870 figuram
1454 3787 1531 3850 καθ’
1558 3786 1632 3851 όλον
1654 3809 1685 3850 κ.
1709 3809 1739 3850 κ.
1765 3783 1871 3870 μέρος.
1919 3783 1992 3862 Qua

289 3890 325 3934 re
349 3891 426 3934 cum
448 3869 548 3938 facile
573 3873 733 3939 orationis
758 3874 922 3961 asperitas
946 3875 1083 3957 vitetur,
1109 3875 1192 3941 mihi
1216 3876 1299 3940 haec
1322 3875 1513 3941 emendatio
1538 3873 1773 3961 acceptissima
1796 3880 1857 3940 est.

450 4017 481 4063 v.
500 3999 565 4064 776
589 4000 708 4065 ἔνδικον
733 4000 838 4087 σέβας.
884 4001 936 4064 De
960 4002 1123 4066 abstracti
1153 4024 1214 4087 pro
1245 4008 1402 4067 concreto
1431 4022 1494 4066 usu
1518 4005 1558 4065 cf.
1583 4022 1669 4086 quae
1693 4020 1795 4084 supra
1818 4022 1850 4064 v.
1869 4001 1933 4066 755
1957 4005 1992 4062 et

292 4083 458 4168 copiosius
482 4086 524 4150 ad
549 4089 665 4173 ἔφαψιν
690 4111 720 4155 v.
739 4091 792 4172 46,
822 4090 881 4154 sed
904 4096 987 4155 nota
1010 4091 1053 4154 ad
1076 4112 1107 4156 v.
1129 4093 1170 4158 18
1193 4090 1332 4169 inclusa,
1357 4088 1540 4176 disputavi.

450 4234 482 4276 v.
501 4211 563 4278 781
587 4215 623 4277 τὸ
640 4224 702 4279 πᾶν
721 4215 748 4278 δ’
766 4218 904 4299 ἄφαντος
922 4216 1062 4300 ἀμπετὴς
1078 4217 1186 4293 αἰόλος
1202 4216 1262 4298 (sic
1275 4213 1406 4281 Weckl.
1419 4235 1479 4301 pro
1492 4221 1650 4300 corrupto
1668 4214 1862 4300 ἀμπετήσαις
1878 4213 1991 4292 δόσως)

588 4302 671 4379 κόνις
695 4304 813 4388 ἄτερθε
835 4306 998 4391 πτερύγων
1023 4306 1155 4390 όροίμαν
1179 4303 1270 4388 (libri
1292 4302 1514 4392 manuscripti
1537 4305 1691 4389 ὀλοίμαν).

451 4425 502 4489 De
529 4425 677 4510 imagine
712 4429 799 4496 conf.
826 4429 970 4494 Schulze
999 4429 1233 4512 (Halberstadt
1263 4433 1362 4512 1864)
1396 4433 1475 4516 pb
1510 4436 1544 4493 et
1577 4427 1736 4515 Rappold
1771 4426 1993 4515 (Klagenfurt

293 4512 392 4599 1878)
417 4509 477 4579 ΙΙΙ.
496 4511 534 4581 Τ.
558 4538 591 4600 p.
608 4517 661 4582 42.
698 4515 875 4582 Sententia
899 4519 1057 4584 universa
1073 4525 1127 4584 est
1146 4518 1334 4606 perspicua,
1360 4519 1494 4604 singula
1514 4518 1619 4584 verba
1642 4517 1754 4584 dubia.
1790 4518 1842 4582 Ne
1859 4523 1993 4582 constat

291 4600 373 4666 mihi
389 4600 536 4687 quidem,
560 4627 641 4670 num
666 4605 809 4691 όροίμαν,
835 4607 1049 4675 aDindorfio
1073 4609 1295 4695 propositum,
1320 4607 1384 4673 etsi
1407 4608 1543 4691 arridet,
1567 4607 1756 4673 necessario
1780 4606 1823 4672 sit
1846 4607 1992 4672 scriben-

291 4690 381 4760 dum.
420 4692 508 4758 Nam
530 4697 565 4758 τό
589 4705 651 4760 πᾶν
676 4694 826 4760 strictius
851 4718 928 4762 cum
952 4697 1082 4783 ὀλοίμαν
1106 4719 1207 4783 quarn
1232 4719 1308 4763 curn
1333 4698 1465 4784 όροίμαν
1490 4697 1652 4782 conjungi
1675 4697 1823 4762 videtur:
1853 4696 1992 4762 evolans

291 4785 454 4867 tanquam
469 4781 603 4847 mobilis
626 4784 750 4870 pulvis,
775 4808 793 4850 e
817 4792 1002 4873 conspectu
1017 4786 1161 4872 ablatus,
1185 4786 1341 4852 funditus
1356 4787 1521 4852 inteream
1537 4787 1610 4852 sive
1626 4791 1667 4852 ad
1682 4785 1826 4851 nihilum
1847 4785 1992 4872 redigar.

292 4867 418 4936 Contra
441 4869 539 4935 illud:
565 4879 727 4960 tanquam
751 4873 864 4961 pulvis
890 4874 1027 4942 evolans
1052 4899 1091 4943 eo
1115 4898 1222 4964 usque
1246 4876 1375 4960 efferar,
1404 4882 1444 4940 ut
1466 4877 1566 4964 plane
1590 4898 1631 4941 ex
1655 4881 1839 4963 conspeetu
1863 4876 1991 4942 abeam.

448 5017 482 5063 v.
499 4999 574 5064 786.
599 4999 652 5062 Ad
667 5001 882 5088 κελαινόχρως
903 5003 1020 5085 καρδία
1043 5001 1084 5069 cf.
1110 5009 1244 5089 praeter
1265 5023 1313 5078 ea,
1331 5023 1416 5086 quae
1429 5000 1561 5068 Weckl.
1577 4999 1704 5078 attulit,
1721 5001 1823 5066 etiam
1840 5000 1989 5086 Choeph.

290 5083 357 5148 414
381 5085 550 5171 σπλάγχνα
574 5087 609 5151 δέ
634 5110 694 5173 μου
718 5090 912 5156 κελαινοῦται
936 5097 971 5156 et
994 5091 1138 5158 schulze
1160 5115 1194 5178 p.
1213 5094 1264 5170 la,
1288 5089 1556 5158 deformatione
1584 5089 1742 5160 vocabuli
1765 5091 1863 5156 Todt.
1888 5114 1919 5175 p.
1938 5091 1991 5155 20.
