4122 5792
947 151 992 214 24

849 241 1061 252 ..-.-.....-..-...

425 361 472 426 ze.
496 365 570 444 ὄμμ’
597 361 672 424 αὖθι
696 362 801 446 βλέπει
827 360 829 449 l
855 363 1008 448 κάββασιν
1032 363 1154 426 οὐλίων.
1182 360 1184 446 l
1211 361 1278 425 duo
1302 361 1459 446 dochmii,
1483 356 1669 448 praemisso
1693 365 1806 430 iambo

530 450 583 513 rel
607 450 765 536 spondeo,

424 540 515 604 δάϊον
539 539 647 626 βόαμα
670 539 779 622 φαίνω.
817 537 960 603 dimeter
982 539 1090 605 trech.

255 664 400 749 Antistr.
426 666 502 748 δρῶ,
528 665 593 747 δρῶ

420 757 461 816 τά
484 753 614 838 φροίμια
637 755 740 818 πόνων
765 753 869 840 βιαίων
894 755 987 837 ἐμῶν.

423 842 619 1017 βάίνάὲφυγᾷ
632 933 721 1014 πρὸς
740 931 850 998 ἀλκάν.

424 1020 469 1086 ἰώ.
506 1020 750 1107 βλοσυρόφρονα
772 1021 866 1106 χλιδᾷ
892 1019 895 1108 l
921 1022 1068 1104 δύσφορα
1089 1021 1158 1084 τάδ’
1183 1021 1226 1085 ἐνὶ
1248 1030 1302 1106 γᾷ.

424 1106 523 1188 δαΐοις,
548 1108 636 1192 ἄναξ,
661 1109 854 1193 προτάσσου.

265 1235 443 1303 Sententia
467 1233 548 1300 satis
572 1232 675 1298 clara:

475 1322 634 1410 Adspice,
658 1323 804 1409 adspice.

423 1415 555 1498 Raptor
577 1412 641 1476 iste
665 1434 705 1476 ex
727 1434 815 1477 nave
837 1411 873 1477 in
896 1419 1019 1478 terram
1045 1412 1228 1479 deseendit.

478 1503 565 1585 Heu,
590 1501 665 1578 heu.

422 1592 625 1676 Priusquam
652 1590 710 1654 illa
733 1590 914 1670 (evenient,
939 1598 978 1655 ut
1001 1613 1055 1656 me
1079 1592 1250 1680 captivam
1274 1591 1437 1674 abducas,
1467 1593 1509 1659 cf.
1534 1593 1663 1677 schol),
1688 1616 1806 1679 pereas

638 1679 800 1767 (propriet
823 1680 977 1763 labores).

265 1809 328 1874 Oh.
353 1807 450 1873 Oculi
472 1805 539 1872 mei
562 1805 631 1870 illic
653 1804 863 1892 perditorum
887 1805 1115 1871 escensionem
1140 1805 1268 1872 vident.

423 1895 588 1961 Flebilem
613 1895 793 1960 clamorem
817 1895 889 1962 edo.

477 1983 647 2071 Adspicio,
671 1983 821 2070 adspicio
850 2045 854 2052 .

423 2073 736 2228 (prplmitialpguinitia
757 2073 911 2139 laborum
934 2097 995 2160 per
1019 2073 1087 2138 vim
1111 2073 1195 2139 mihi
1218 2073 1499 2160 imponendorum
1519 2075 1805 2158 (imminentium).

424 2187 578 2339 Ooniiilde
601 2217 652 2318 ad¹
668 2274 745 2316 arae
768 2251 983 2339 praesidium.

265 2379 326 2446 Oh.
352 2380 495 2444 Feroces
520 2377 622 2443 animi
647 2377 789 2442 istorum
821 2376 1009 2441 exuberant
1032 2378 1081 2464 (se
1105 2377 1265 2464 efferunt)
1291 2378 1361 2464 jam
1391 2399 1459 2444 non
1484 2378 1620 2459 serendi,
1652 2400 1738 2462 ecoe,
1770 2377 1806 2442 in

105 2481 202 2536 terra.

423 2557 567 2623 Miserae
591 2556 673 2621 mihi
698 2578 796 2642 opem
820 2556 880 2640 fer,
907 2555 1051 2620 domine.

264 2685 330 2750 Sed
354 2689 534 2770 postquam
551 2680 754 2747 Weckleinii
771 2680 812 2745 de
828 2680 1036 2746 canticorum
1053 2681 1142 2766 apud
1160 2682 1366 2768 Aeschylum
1391 2683 1607 2768 technologia
1623 2691 1658 2746 et
1673 2681 1806 2746 chorios

103 2774 380 2864 pronuntiatione
403 2771 568 2856 (Technik
591 2771 661 2835 und
685 2770 834 2854 Vortrag
858 2771 917 2835 der
940 2769 1180 2856 Chorgestnge
1215 2771 1274 2836 des
1298 2772 1516 2857 Aeschylus),
1552 2772 1689 2836 annales
1723 2770 1804 2857 phil.

104 2867 200 2932 class.
225 2863 329 2943 XIII,
362 2861 642 2950 supplementum,
674 2859 811 2944 Lipsiae
837 2863 932 2936 1884,
962 2883 996 2946 p.
1020 2861 1207 2943 all—238,
1237 2860 1566 2943 commentationem,
1595 2859 1749 2926 doctrina
1772 2865 1808 2924 et

104 2953 293 3020 subtilitate
316 2951 494 3038 insignem,
519 2949 674 3036 cognovi,
699 2948 741 3014 ab
758 2950 822 3014 hac
837 2951 968 3015 ratione
984 2971 1052 3014 non
1068 2950 1240 3014 discedere
1263 2972 1332 3017 non
1354 2950 1461 3036 potui.
1497 2951 1608 3016 Docet
1623 2949 1715 3016 enim
1738 2949 1804 3026 ille,

104 3044 226 3130 quibus
249 3041 332 3107 locis
356 3041 482 3127 singuli
505 3040 686 3105 choreutae
702 3039 894 3124 loquantur,
919 3060 975 3104 eos
991 3039 1209 3125 responsione
1226 3039 1397 3127 strophica
1414 3061 1535 3106 carere.
1570 3043 1688 3122 Itaque
1704 3039 1805 3103 aliam

106 3133 361 3218 discriptionem
384 3134 632 3196 commentatus
656 3151 741 3213 sum,
765 3129 852 3193 hano
877 3128 1023 3213 quidem:

477 3256 493 3319 ό
518 3255 535 3319 ὁ
560 3255 577 3318 ά
600 3260 725 3318 nautae

479 3346 498 3410 ά
523 3347 543 3410 ά
568 3345 588 3407 ά
611 3344 761 3428 virgines

421 3452 527 3530 Porro
552 3451 642 3516 solae
664 3449 831 3535 virgines:

341 3563 369 3625 1.
395 3561 412 3624 ὁ
437 3560 570 3646 μάρπτις
592 3559 646 3622 ὅδε
668 3559 758 3634 νάῖος
779 3557 881 3642 γάϊος.

338 3652 369 3715 2.
393 3659 454 3713 τῶν
477 3651 540 3733 πρὸ
566 3649 681 3732 μάρπτι
703 3648 843 3731 κάμνοις.

339 3740 370 3802 3.
396 3737 442 3822 ἰώ,
467 3738 514 3804 ἰώ.

338 3829 370 3893 4.
395 3830 490 3911 οἴμοι,
515 3830 611 3911 οἴμοι.

337 3921 368 3983 5.
394 3918 486 3993 αὖθις
507 3917 660 4003 κάββασις
683 3915 803 3981 οὐλίων.

340 4010 370 4073 6.
396 4007 490 4070 δαίαν
514 4007 591 4091 βοάν
617 4005 772 4090 ἀμφαίνω.

339 4098 369 4163 7.
396 4097 460 4179 ὁρῶ
483 4096 559 4159 τάδε
583 4095 713 4182 φροίμια
736 4095 839 4159 πόνων
863 4093 968 4178 βιαίων
993 4095 1086 4178 ἐμῶν.

337 4189 369 4252 8.
394 4185 443 4269 ἠέ,
468 4183 518 4268 ἠέ.

340 4279 371 4340 9.
397 4275 484 4360 βαῖνε
508 4284 593 4360 φυγᾷ
617 4277 697 4357 πρὸς
720 4275 819 4338 ἀλκάν

320 4366 369 4430 10.
396 4364 639 4449 βλοσυρόφρονα
662 4364 766 4448 χλιδᾷ,
806 4361 1004 4446 (Insolentia
1028 4362 1198 4443 tumescit)

320 4457 371 4519 ll.
396 4454 542 4536 δύσφορα
557 4457 612 4518 τάν
627 4475 661 4515 τε
677 4455 730 4517 ναί·
745 4454 820 4515 τάδε
835 4455 895 4515 κᾶν
911 4451 986 4537 γαίᾳ
999 4451 1228 4534 (Intoleranda
1240 4457 1274 4515 et
1287 4473 1372 4535 quae
1387 4451 1423 4514 in
1435 4450 1523 4527 navi,
1542 4471 1627 4534 ecce,
1643 4455 1806 4535 parantur

396 4550 430 4606 et
454 4565 539 4626 quae
562 4542 598 4606 in
621 4557 711 4606 terra
732 4540 843 4623 fiunt).

319 4634 370 4700 12.
394 4631 472 4709 ἅναξ
496 4632 691 4715 προτάσσου.

266 4756 400 4822 Primus
414 4779 531 4823 versus
547 4757 614 4822 duo
632 4755 788 4820 doohmii.
814 4757 844 4821 2.
862 4753 1009 4840 tripodis
1024 4755 1204 4819 trochaica.
1229 4759 1261 4821 3.
1278 4761 1313 4818 et
1334 4759 1365 4821 4.
1387 4753 1536 4840 spondei.
1560 4758 1592 4821 5.
1608 4753 1803 4840 glycoueus

106 4851 136 4914 6.
155 4846 297 4912 creticus
313 4868 390 4911 eum
406 4845 562 4911 dochmio
579 4846 703 4932 (Herm.
717 4845 769 4910 El.
783 4845 881 4910 Metr.
894 4867 927 4930 p.
941 4846 1030 4927 267),
1054 4844 1126 4910 sive
1150 4844 1339 4932 hexapodia
1362 4843 1531 4909 trochaica
1546 4865 1623 4908 cum
1645 4847 1805 4927 quattuor

105 4937 273 5023 syncopis
313 4938 343 5003 7.
368 4935 544 5000 dochmius
567 4934 679 5000 iambo
704 4943 822 4998 auctus
848 4933 973 5016 (Herm.
992 4934 1031 4999 Ε.
1049 4935 1095 4999 Μ.
1118 4957 1150 5020 p.
1169 4934 1247 5020 255)
1271 4940 1307 4998 et
1334 4931 1518 4998 dochmius.
1552 4935 1584 5000 8.
1613 4929 1682 5018 dip.
1698 4929 1803 4996 trech.

105 5029 135 5094 9.
160 5025 288 5112 primus
311 5025 559 5112 pherecrateus.
594 5026 644 5092 10.
669 5024 854 5089 dochmius.
887 5029 937 5091 ll.
963 5023 1029 5087 duo
1053 5023 1210 5092 dochmii.
1243 5025 1293 5089 12.
1319 5023 1384 5108 dip.
1409 5022 1516 5090 trech.
1541 5042 1619 5086 cum
1641 5019 1805 5087 anacrusi.
