4122 5792
1121 145 1163 208 13

286 381 348 424 nac
386 358 456 424 vim
493 356 606 424 verbis
642 357 836 441 afferimus,
881 359 938 424 sed
978 355 1166 443 simplicem
1203 380 1320 424 corum
1357 359 1561 428 sententiam
1599 358 1790 444 sequimur,
1836 357 1990 424 dubitare

285 448 379 516 nullo
408 447 508 513 modo
530 466 720 534 possumus,
752 446 834 532 quin
864 455 1028 532 tanquam
1062 447 1230 514 incestum
1252 448 1424 514 Danaides
1458 448 1520 516 has
1554 447 1692 534 nuptias
1726 445 1856 534 fugisse
1890 454 1992 534 poeta

287 537 420 603 dixerit.
467 537 555 602 Nam
578 543 618 601 ut
641 535 683 602 ab
708 537 867 601 extremis
885 537 996 602 verbis
1013 535 1133 614 ordiar,
1157 545 1307 623 apparet,
1331 546 1371 603 ut
1386 537 1526 604 Welker
1541 544 1631 602 recte
1651 535 1830 623 judicavit,
1855 557 1990 602 causam

287 627 322 692 in
346 626 388 692 iis
411 625 520 691 inesse
543 625 681 712 nuptias
704 625 868 712 fugiendi.
915 625 1029 712 Atque
1053 626 1118 690 etsi
1141 626 1223 691 alias
1248 649 1366 692 causas
1389 626 1425 692 in
1448 627 1590 692 adversa
1613 649 1688 692 cuin
1713 625 1902 713 puellarum
1918 633 1991 691 turn

286 717 392 802 patris
417 716 593 781 voluntate
621 714 704 780 sitas
727 715 850 784 Aesch.
875 714 1009 800 adjecit,
1034 715 1214 802 praecipue
1238 715 1312 795 hoc,
1337 716 1378 782 de
1403 738 1467 798 quo
1492 714 1634 802 agimus,
1658 716 1746 782 loco:

715 879 842 960 ὄρνιθος
865 880 948 960 ὄρνις
970 887 1038 953 πῶς
1062 878 1098 940 ἂν
1124 878 1248 962 ἁγνεύοι
1273 877 1400 963 ραγύν;

713 975 780 1043 πῶς
804 967 871 1030 rao
895 976 1005 1052 γαμῶν
1030 970 1202 1031 ἄκουσαν
1228 970 1390 1044 ἄκοντος
1412 969 1532 1050 πατρὸς

713 1058 827 1140 ἁγνδς
854 1055 1018 1140 γένοιτο,

576 1239 609 1282 ν.
625 1217 669 1281 40
714 1217 853 1300 λέκτρων
878 1217 1034 1281 ἀεκύντων
1059 1218 1208 1303 ἐπιβῆναι.

577 1399 609 1443 ν.
627 1357 693 1443 334
717 1377 759 1454 ὡς
783 1378 825 1461 μὴ
850 1377 987 1463 γένωμαι
1012 1379 1112 1462 δμωίς
1136 1377 1296 1464 Αἰγύπτου
1320 1379 1411 1464 γένει,

288 1545 402 1602 tamen
437 1538 558 1616 verba,
598 1537 720 1624 quibus
758 1537 795 1602 in
833 1538 957 1604 scelere
995 1539 1116 1604 harum
1154 1544 1350 1625 nuptiarum
1391 1539 1541 1604 notando
1576 1538 1701 1612 utitur,
1743 1537 1784 1602 ad
1824 1536 1990 1608 incestum

290 1633 441 1710 spectare
464 1633 499 1692 at
522 1628 564 1692 ad
589 1627 673 1692 illud
701 1627 1049 1695 accommodatissima
1072 1649 1145 1692 esse
1169 1628 1254 1712 quis,
1286 1627 1344 1713 qui
1373 1627 1505 1714 integre
1535 1649 1598 1692 nec
1624 1633 1806 1714 praecepta
1834 1626 1991 1712 opinione

286 1714 424 1800 judicet,
448 1716 574 1802 neget?
619 1716 724 1782 Aliud
747 1715 833 1782 nihil
848 1739 889 1782 ex
906 1715 1018 1782 verbis
1041 1716 1152 1803 γένους
1175 1717 1311 1802 μίασμα,
1338 1720 1499 1804 streperet
1522 1717 1696 1802 φυξανορίᾳ
1711 1717 1814 1801 γάμον
1831 1716 1991 1801 Αἰγύπτου

216 1887 221 1898 .
288 1805 406 1870 παίδων
431 1807 530 1892 ἀσεβῆ
555 1807 779 1891 δνοταζύμεναι
795 1805 867 1871 erui
887 1813 1009 1892 potest.
1058 1805 1123 1872 Sed
1148 1806 1298 1892 plerique
1322 1805 1476 1871 doctrina
1499 1804 1632 1892 decepti
1654 1804 1867 1890 ludibrioque
1884 1805 1991 1872 habiti

289 1893 390 1958 aliam
413 1893 505 1960 viam
532 1895 690 1975 inierunt,
726 1895 905 1961 scholiasta
931 1895 1093 1982 principe,
1126 1896 1183 1983 qui
1207 1896 1250 1961 ad
1279 1898 1321 1961 ὢν
1353 1895 1444 1979 θέμις
1474 1899 1572 1981 εἴργει
1596 1917 1629 1960 ν.
1645 1897 1689 1962 38
1717 1893 1853 1981 adjecit,
1890 1896 1932 1960 ὢν
1955 1899 1990 1963 τὸ

290 1983 407 2048 δίκαιον
427 1983 513 2070 ἡμᾶς
528 1989 626 2070 εἴργει
649 1985 699 2049 διὰ
722 1988 757 2050 τὸ
782 1986 855 2072 (pro
872 1987 965 2051 ἕνεκα
979 1989 1049 2070 τού)
1075 1987 1118 2069 μη
1141 1986 1367 2068 θανατωθηναι
1387 1988 1440 2050 τὸν
1457 1985 1590 2069 πατέρα,
1615 1983 1644 2048 si
1659 1981 1795 2067 quidem
1819 1983 1991 2049 oraculum

290 2079 362 2138 erat
384 2073 541 2141 Danaum
571 2097 590 2138 a
624 2074 740 2139 subole
764 2073 917 2160 Aegypti
950 2074 1167 2140 interfectum
1199 2074 1250 2139 iri.
1299 2075 1384 2139 Odio
1420 2073 1555 2159 quidem
1590 2072 1640 2138 illi
1673 2079 1806 2159 patrem
1839 2071 1992 2160 filiasque

289 2160 350 2226 has
373 2162 510 2248 nuptias
534 2170 707 2228 aversatos
731 2185 804 2228 esso
828 2163 1005 2230 duxerunt.
1053 2163 1292 2250 Oopicsissime
1314 2163 1352 2228 in
1379 2163 1467 2230 hanc
1496 2162 1699 2228 sententiam
1730 2162 1992 2248 disputaverunt

291 2250 408 2340 Haupt
424 2253 470 2338 (p.
487 2255 532 2318 84
555 2273 604 2339 sq.
621 2252 803 2334 editionis),
829 2253 954 2316 Martin
969 2252 1143 2318 Reinkens
1162 2253 1226 2336 (Da
1241 2251 1403 2338 Aeschyli
1421 2251 1627 2318 Danaidibus
1644 2251 1687 2316 ad
1703 2273 1816 2337 progr.
1833 2251 1989 2316 Diisseld.

291 2341 376 2408 1886
400 2343 470 2426 p?
496 2344 570 2427 sq),
594 2342 706 2406 Krusc
730 2365 764 2428 p.
784 2345 857 2424 141,
883 2341 1051 2407 Oberdick
1074 2366 1107 2429 p.
1124 2344 1177 2406 86.
1224 2343 1301 2407 Non
1325 2341 1531 2407 dissentiunt
1555 2341 1645 2408 Weil
1668 2347 1703 2405 et
1729 2338 1856 2406 Wechl.
1903 2341 1990 2408 Nam

289 2429 469 2512 quominus
493 2430 658 2496 incestum
683 2431 853 2518 suscipere
875 2431 969 2495 visae
993 2431 1058 2497 sibi
1081 2432 1150 2496 sint
1166 2431 1336 2496 Danaides
1360 2430 1504 2507 obstare,
1534 2431 1623 2516 quod
1646 2451 1710 2494 nec
1734 2429 1825 2516 apud
1847 2428 1990 2494 Atheni-

289 2540 385 2583 enses
408 2542 471 2584 nec
495 2521 584 2607 apud
609 2520 810 2608 Aegyptios,
835 2519 907 2586 sive
941 2521 1062 2586 horum
1090 2519 1162 2585 sire
1197 2520 1333 2585 illorum
1362 2519 1528 2586 rationem
1555 2526 1657 2606 poeta
1681 2518 1894 2604 sequebatur,
1922 2541 1991 2585 non

289 2607 390 2674 modo
412 2611 583 2695 patrueles
607 2610 666 2673 sed
692 2633 735 2675 ne
764 2609 885 2674 fratres
909 2609 1055 2694 quidem,
1084 2610 1266 2675 dummodo
1290 2633 1333 2675 ne
1357 2610 1542 2696 ὁμομήτριοι
1573 2615 1695 2692 essent,
1730 2607 1868 2694 nuptias
1903 2607 1992 2673 inter

289 2718 325 2761 se
349 2699 554 2784 conjungere
578 2701 792 2782 vetabantur,
827 2699 1079 2786 Aegyptiorum
1105 2699 1181 2786 lege
1210 2698 1312 2764 etiam
1336 2698 1394 2782 eis,
1430 2699 1488 2784 qui
1511 2699 1628 2764 eadem
1663 2704 1771 2762 matre
1795 2696 1861 2762 orti
1884 2704 1989 2780 erant,

289 2785 422 2854 licebat.
471 2788 565 2854 Oonf.
584 2810 668 2874 quae
686 2789 855 2854 Diodorus
871 2789 912 2873 (I.
926 2791 982 2872 27)
1000 2789 1041 2853 de
1057 2788 1238 2875 Aegyptiis
1255 2788 1376 2854 tradit:
1394 2787 1609 2872 νομοθετῆσαί
1625 2809 1701 2871 φασι
1715 2792 1788 2864 τοὺς
1804 2785 1991 2872 Αἰγυπτίους

289 2880 377 2959 παρὰ
400 2880 435 2940 τύ
459 2881 562 2942 κοινδν
591 2879 668 2955 ἔθος
694 2889 755 2943 τῶν
785 2878 964 2962 ἀνθρώπων
994 2887 1106 2963 γαμεῖν
1135 2880 1274 2962 ἀδελφὰς
1305 2879 1354 2942 διὰ
1377 2881 1412 2942 ab
1435 2887 1491 2962 τῆς
1514 2877 1636 2954 Ἴσιδος
1664 2876 1849 2962 ἐπίτευγμα·
1873 2878 1991 2961 ταύτην

288 2967 350 3050 γὰρ
376 2967 608 3052 συνοικήσασαν
625 2967 754 3051 Ὀσίριδι
769 2977 812 3053 τῷ
829 2968 966 3053 ἀδελφῷ,
991 3019 998 3032 .
1025 3020 1031 3033 .
1058 3021 1064 3034 .
1092 3021 1098 3034 .
1133 2967 1198 3033 Sed
1223 2967 1320 3032 obliti
1343 2974 1423 3032 sunt
1446 2967 1537 3031 docti
1559 2965 1610 3031 illi
1631 2965 1832 3052 interpretes
1856 2964 1991 3030 differre

289 3053 415 3140 aliquid
438 3055 528 3121 inter
550 3057 642 3142 leges
667 3063 701 3121 et
723 3078 843 3123 mores.
879 3055 990 3141 Leges
1007 3055 1108 3122 etiam
1133 3057 1294 3122 favebant
1312 3056 1403 3141 apud
1417 3055 1644 3121 Athenienses
1668 3054 1835 3141 ejusmodi
1850 3053 1989 3142 nuptiis,

289 3164 331 3206 ne
354 3144 558 3211 familiarum
581 3146 671 3212 bona
693 3145 965 3230 dilacerarentur,
990 3168 1099 3212 mores
1123 3153 1247 3230 autem,
1272 3145 1361 3230 quod
1385 3146 1427 3211 ad
1451 3146 1573 3210 fratres
1596 3144 1729 3228 attinet,
1754 3143 1891 3208 minime
1915 3166 1991 3209 cum

288 3229 421 3315 legibus
442 3233 690 3301 conveniebant
712 3275 745 3283 —
764 3235 837 3319 hoc,
862 3241 901 3300 ut
923 3235 989 3300 alia
1012 3235 1178 3318 omittam,
1203 3258 1245 3300 ex
1266 3235 1360 3320 ipsis,
1386 3256 1471 3320 quac
1486 3235 1656 3300 Diodorus
1673 3231 1818 3298 addidit:
1842 3236 1932 3317 παρὰ
1954 3237 1989 3299 τύ

289 3323 393 3386 κοινὸν
417 3324 494 3400 ἔθος
515 3335 576 3390 τῶν
601 3325 780 3410 ἀνθρώπων
803 3323 954 3391 conicere
978 3325 1062 3391 mihi
1084 3324 1211 3392 videor.
1257 3324 1309 3389 Ac
1335 3347 1378 3389 ne
1407 3325 1449 3388 de
1476 3323 1687 3410 patruelibus
1715 3322 1850 3409 quidem
1881 3344 1990 3386 mores

289 3409 398 3475 multo
420 3410 593 3477 liberiores
617 3436 719 3498 quam
742 3415 833 3501 apud
855 3435 917 3478 nos
941 3413 1046 3480 fuisse
1069 3414 1215 3480 arbitror
1272 3413 1360 3479 Sunt
1375 3413 1433 3499 qui
1448 3414 1533 3478 tales
1557 3411 1694 3500 nuptias
1709 3434 1777 3477 non
1800 3411 1989 3498 repudient,

290 3504 371 3564 sunt
393 3499 450 3585 qui
473 3501 677 3567 abhorreant
699 3503 742 3570 ab
766 3505 830 3569 eis:
856 3503 946 3588 quod
969 3504 1060 3569 idem
1083 3503 1174 3591 apud
1189 3501 1415 3569 Athenienses
1439 3502 1544 3568 fuisse
1568 3503 1696 3590 opinor.
1736 3501 1790 3566 Ab
1806 3500 1989 3587 Aegyptiis

289 3587 382 3668 abac,
412 3611 555 3675 quorum
582 3613 702 3676 mores,
736 3602 817 3659 uta
846 3593 1051 3658 Graecorum
1080 3593 1181 3673 (conf.
1199 3615 1284 3678 quae
1308 3592 1349 3656 de
1373 3613 1413 3656 ca
1435 3615 1471 3657 re
1493 3592 1616 3658 Herod.
1635 3591 1682 3656 Il.
1699 3593 1743 3658 35
1778 3589 1990 3677 disputavit),

291 3674 339 3748 sic
373 3699 393 3741 a
427 3680 551 3746 nostris
590 3680 691 3767 longe
725 3683 872 3762 distant;
910 3705 973 3748 nec
1010 3690 1095 3770 puto
1133 3682 1209 3748 illos
1247 3681 1361 3768 potins
1401 3703 1499 3766 quarn
1541 3703 1618 3746 snos
1658 3703 1804 3766 suaeque
1841 3679 1990 3745 civitatis

289 3765 496 3850 Aeschylum
520 3769 556 3834 in
579 3769 774 3838 universum
798 3779 952 3838 secutum
967 3795 1050 3837 esse.
1098 3772 1166 3838 Sed
1190 3771 1381 3857 quicunque
1398 3771 1601 3836 Graecorum
1627 3792 1736 3837 mores
1758 3770 1794 3834 in
1815 3768 1867 3833 his
1889 3767 1989 3833 rebus

288 3855 437 3940 fuerunt,
461 3880 572 3925 nonne
595 3859 719 3926 licebat
740 3869 861 3947 poetae
893 3884 988 3926 suam
1012 3884 1050 3926 ac
1079 3861 1260 3948 propriam,
1297 3882 1398 3947 quam
1426 3866 1635 3946 conceperat,
1670 3858 1836 3924 rationem
1871 3857 1989 3922 edere?

289 3943 428 4010 Tradita
444 3945 475 4011 ei
492 3954 565 4012 erat
579 3948 695 4015 fabula
711 3950 753 4015 de
768 3951 878 4016 Danai
894 3951 1049 4035 filiarum,
1074 3973 1117 4016 ne
1133 3949 1342 4035 patruelibus
1358 3949 1534 4025 nuberent,
1551 3971 1593 4014 ex
1604 3955 1765 4035 Aegypto
1782 3947 1879 4032 fuga3
1903 3947 1991 4012 hanc

289 4035 419 4118 poetice
443 4039 655 4104 tractandam
679 4045 883 4125 susceperat.
923 4040 1098 4119 Quomodo
1122 4039 1254 4104 efficere
1278 4045 1426 4125 poterat,
1460 4044 1497 4103 ut
1519 4036 1706 4125 legentium
1734 4035 1989 4102 audientiumve

290 4121 393 4187 animi
417 4125 529 4191 studio
565 4127 860 4214 misericordiaque
887 4129 923 4194 in
950 4129 1025 4195 illas
1060 4129 1285 4212 afficerentur,
1320 4126 1387 4192 nisi
1420 4149 1543 4214 graves
1578 4126 1837 4214 probabilesque
1871 4148 1989 4192 causas

290 4210 401 4277 taedio
426 4214 545 4280 harum
577 4217 772 4303 nuptiarum
797 4225 832 4283 et
855 4217 952 4305 quasi
980 4219 1113 4284 cuidam
1142 4217 1271 4283 horrori
1300 4215 1509 4282 subiciebat?
1556 4217 1611 4282 An
1638 4215 1744 4304 patris
1772 4216 1931 4282 voluntas
1956 4221 1990 4280 et

289 4301 471 4368 auctoritas
494 4303 615 4370 idonea
639 4313 711 4372 erat
734 4308 856 4373 causa?
881 4331 925 4374 an
940 4308 1029 4394 quod
1051 4307 1133 4395 ipsis
1151 4306 1375 4393 displicebant
1398 4306 1439 4386 ei,
1464 4305 1585 4372 idonea
1607 4313 1745 4391 tamque
1768 4304 1883 4392 gravis
1906 4311 1988 4385 erat,

288 4396 337 4472 ut,
362 4413 404 4455 ne
429 4392 476 4457 eis
500 4394 796 4482 conjungerentur,
833 4405 976 4464 mortem
999 4417 1070 4466 non
1099 4397 1278 4484 fugerent?
1323 4395 1373 4461 Ut
1396 4397 1549 4482 exemplo
1579 4417 1652 4460 rem
1679 4394 1788 4480 magis
1812 4395 1989 4462 declarem.

289 4478 371 4558 Quis
394 4482 503 4548 nescit
526 4484 615 4570 apud
634 4485 781 4552 Graecos
805 4509 1017 4553 communem
1041 4486 1146 4554 fuisse
1170 4507 1307 4568 morem,
1331 4491 1371 4549 ut
1393 4485 1561 4550 victarum
1585 4483 1763 4550 civitatum
1786 4484 1877 4551 cives
1901 4483 1989 4548 bello

288 4575 405 4654 captos
429 4569 464 4636 in
488 4572 688 4639 servitutem
723 4575 939 4655 abducerent,
974 4598 1043 4642 non
1071 4575 1183 4641 minus
1207 4574 1412 4640 Graecorum
1436 4596 1537 4659 quam
1572 4573 1813 4640 barbarorum?
1860 4571 1990 4638 Hocine

287 4657 504 4746 impediebat,
529 4663 707 4748 quominus
731 4665 885 4731 homines
909 4666 1046 4751 quidam
1071 4665 1192 4731 Graeci
1214 4663 1428 4730 humanitate
1450 4663 1600 4748 insignes
1629 4664 1721 4729 hunc
1743 4684 1871 4728 morem
1895 4684 1989 4727 aver-

288 4751 463 4815 sarentur?
503 4751 599 4818 Conf.
617 4777 703 4839 quae
726 4755 825 4820 Plato
849 4756 905 4841 (de
928 4755 1013 4841 Rep.
1030 4753 1071 4822 V.
1091 4757 1131 4822 15
1154 4778 1186 4840 p.
1211 4755 1287 4820 469.
1305 4754 1348 4828 Β)
1384 4753 1427 4817 de
1450 4775 1490 4818 ea
1512 4775 1548 4818 re
1579 4751 1674 4818 dicit:
1712 4751 1988 4835 Ἀνδροιποδισμού

287 4837 358 4922 πέρι
382 4840 471 4905 δοκεῖ
493 4841 611 4907 δίκαιον
636 4846 711 4909 είναι
736 4845 893 4928 Ἕλληνας
915 4845 1101 4931 Ἑλληνίδας
1123 4844 1228 4920 πόλεις
1251 4842 1551 4926 ἀνδραποδίζεσθαι,
1575 4844 1596 4928 ἢ
1621 4843 1693 4928 μηδ’
1713 4842 1795 4928 ἄλλη
1818 4841 1989 4925 ἐπιτρέπειν

287 4932 369 4991 κατὰ
399 4933 433 4992 τὸ
464 4932 594 4998 δυνατδν
621 4936 675 4997 καί
708 4945 801 4998 τούτο
832 4934 961 5014 ἐθίζειν,
996 4947 1052 5000 τοῦ
1076 4934 1260 5018 Ἑλληνικοῦ
1296 4932 1492 5016 φείδεσθαι.
1519 4986 1525 4997 .
1552 4984 1558 4997 .
1586 4984 1592 4996 .
1631 4931 1723 5016 Μηδὲ
1746 4931 1890 5016 Ἕλληνα
1925 4934 1989 5013 ἀρα

288 5017 402 5082 δοῦλον
419 5020 506 5086 δοκεῖ
523 5022 676 5107 ἐκτῆσθαι
701 5025 780 5109 μήτε
803 5027 910 5101 αὐτοῖς
932 5034 997 5102 τοῖς
1019 5046 1053 5089 τε
1075 5025 1180 5100 ἄλλοις
1198 5022 1351 5106 Ἕλλησιν
1369 5024 1449 5086 ούτω
1471 5021 1706 5108 ξυμβουλεύειν;
1729 5021 1803 5086 Hac
1820 5019 1988 5085 sententia
