4122 5792
1093 143 1133 210 17

258 351 356 416 navis
372 351 546 416 machinis
569 352 714 418 nauticis
738 353 886 420 adducta
909 361 943 418 et
967 354 1148 420 adstricta“
1175 360 1210 418 et
1226 354 1321 419 'l'uch
1338 354 1392 435 (de
1407 353 1571 438 Aeschyli
1594 353 1741 438 figurata
1764 351 1963 433 elocutione,

258 462 370 528 progr.
392 440 687 527 Wittenbergense
714 443 799 509 1869
821 465 855 525 p.
872 443 905 525 6)
930 443 1075 508 hominis
1100 442 1277 508 arbitrium
1293 441 1447 529 cylindro
1467 442 1565 507 navis
1588 440 1824 507 assimulatum
1839 440 1963 508 dicens

140 583 143 588 .
259 529 358 608 Quod
390 535 505 596 autem
527 530 640 595 Kruse
664 537 698 596 et
722 530 892 596 Oberdick
919 539 1044 618 putant
1070 533 1106 596 id
1136 554 1227 598 nunc
1256 531 1288 596 ei
1315 531 1540 598 constitutum
1563 538 1663 608 stare,
1690 536 1731 596 ut
1752 529 1965 595 Danaidibus

260 618 423 684 auxilium
451 618 549 702 ferat,
580 634 703 687 errant.
749 620 823 686 Hoc
846 620 1113 707 insequentibus,
1143 620 1343 707 praesertim
1363 623 1444 687 452:
1468 622 1489 704 ἦ
1512 622 1617 705 κάρτα
1644 620 1765 697 νείκους
1789 621 1875 684 τοῦδ’
1901 621 1964 706 ἐγὼ

260 709 490 862 μαρμέίῐμομαιῆ
515 708 705 861 Ιιιουμιιίυτ
726 708 920 865 refpllitup¹²
941 712 1058 812 ‘Immo
1079 711 1165 864 {liaeo
1188 709 1219 776 ei
1242 717 1312 776 stat
1335 708 1515 866 οοιιὲοὸιμίωἶ
1543 709 1677 862 upfiipse
1700 708 1966 863 (ipd)opugppap1

261 819 392 952 Phileto
400 819 817 970 rhidistdiiaidlirriiliildii)
831 820 1076 974 arleirribotirsqldi
1090 822 1324 972 dpffimsqup
1331 820 1565 974 Spsuppfisclg
1572 820 1750 974 ndgalliegrdt:
1768 821 1966 987 doridi-litui

261 976 353 1060 (478)
379 974 487 1061 magis
510 975 652 1040 inclinat
667 976 710 1041 ad
725 977 986 1062 gratificandum
1002 978 1061 1058 eis,
1085 1001 1154 1043 non
1176 984 1215 1043 ut
1237 977 1321 1065 ipse,
1346 977 1436 1063 quod
1459 976 1652 1062 cupiebant,
1675 998 1737 1064 pro
1760 981 1965 1043 auctoritate

261 1086 323 1129 sua
346 1066 438 1152 (370)
459 1063 620 1130 inimicos
648 1087 764 1130 earum
795 1066 895 1132 armis
924 1090 960 1133 se
987 1067 1199 1154 repulsurum
1233 1066 1421 1154 promittat,
1446 1066 1506 1132 sed
1528 1074 1577 1150 ut,
1603 1088 1669 1152 qua
1691 1066 1822 1131 ratione
1849 1062 1968 1154 populi

260 1154 474 1219 voluntatem
498 1153 563 1218 sibi
586 1154 764 1220 conciliare
786 1154 929 1242 possint,
954 1157 1075 1222 doceat
1098 1163 1200 1242 atque
1223 1156 1259 1220 in
1280 1156 1437 1221 contione
1459 1161 1581 1221 vocata
1603 1154 1896 1242 patrocinaturum
1919 1154 1968 1218 eis

262 1250 298 1307 et
320 1264 436 1329 preces
459 1243 585 1330 populo
609 1265 645 1308 se
669 1246 983 1312 commendaturum
1006 1249 1098 1334 (518)
1122 1245 1272 1332 recipiat.

422 1367 535 1433 Verba
557 1391 590 1434 v.
606 1370 672 1435 443
691 1391 738 1456 sq.
763 1372 816 1435 καί
840 1372 1014 1457 χρημάτων
1039 1373 1095 1458 μὲν
1119 1372 1157 1435 ἐκ
1180 1371 1285 1455 δόμων
1320 1370 1551 1455 πορθουμένων
1575 1375 1654 1434 cett.
1677 1374 1833 1456 corrupta
1867 1390 1967 1433 nemo

263 1457 374 1522 adhuc
390 1455 534 1524 sanavit.
580 1458 746 1524 Attamen
762 1481 848 1545 quae
863 1461 979 1527 Herm.
993 1460 1128 1546 scripsit
1143 1458 1277 1526 facilem
1293 1459 1569 1545 probabilemque
1585 1458 1788 1524 sententiam
1803 1457 1968 1546 praebent

264 1545 460 1631 ceterisque,
485 1569 570 1631 quae
594 1553 727 1612 tentata
750 1556 839 1634 sunt,
863 1550 1095 1636 praeferenda.

422 1673 487 1737 455
501 1693 549 1758 sq.
575 1672 674 1740 Ohor.
691 1673 818 1739 πολλῶν
841 1678 980 1741 ἄκουσον
1002 1675 1131 1759 τέρματ’
1156 1673 1281 1739 αἰδοίων
1305 1675 1417 1762 λόγων.

577 1778 665 1844 Rex:
691 1780 839 1863 ἤκουσα
862 1784 915 1845 καί
938 1781 1042 1866 λέγοις
1065 1785 1112 1866 ἄν,
1137 1785 1174 1846 οὔ
1199 1803 1237 1866 με
1262 1780 1415 1866 φεύξεται.

425 1902 555 1969 Weckl.
575 1904 655 1988 „Ich
680 1903 767 1970 habe
791 1904 897 1970 schon
919 1906 1039 1992 gehbrt
1060 1906 1132 1971 und
1156 1905 1225 1970 will
1249 1905 1366 1971 weiter
1387 1905 1523 1972 horen.“
1571 1906 1692 1970 Nonne
1715 1905 1828 1991 potius
1852 1926 1968 1970 secun·

265 1991 346 2055 dum
369 2013 468 2056 usum
500 1993 709 2079 aKrtigero,
734 1994 832 2060 Ausf.
849 1995 999 2061 Gramm.
1017 1997 1045 2060 I.
1063 1999 1116 2063 53.
1134 1997 1165 2062 6.
1182 1995 1222 2062 A.
1241 1997 1271 2076 3,
1296 2000 1453 2060 notatum
1476 1995 1559 2059 haec
1582 1995 1835 2080 intellegenda?
1885 1994 1967 2080 „Die

266 2078 350 2145 eben
363 2081 579 2166 vorgehende
593 2081 779 2169 Handlung
799 2081 893 2150 kann
908 2107 985 2150 man
1001 2085 1048 2148 im
1064 2085 1217 2149 Moment
1232 2083 1322 2148 ihrer
1336 2082 1578 2168 Bezeichnung
1595 2083 1644 2148 als
1660 2084 1765 2149 schon
1777 2084 1968 2169 geschehen

264 2169 463 2234 vorstellen:
488 2172 596 2258 ἥσθην
620 2173 704 2238 etc.“

425 2296 490 2362 467
515 2295 664 2381 ξυνῆκας·
691 2299 875 2384 ὠμμάτωσα
897 2302 960 2385 γὰρ
986 2299 1193 2383 σαφέστερον.

424 2420 481 2485 Ad
503 2427 655 2487 nostram
679 2429 714 2487 et
737 2445 950 2490 communem
972 2423 1139 2490 rationem
1155 2424 1306 2508 ὀμματόω
1324 2423 1429 2488 oculis
1449 2445 1637 2510 proponere
1660 2423 1967 2510 interpretaremur.

267 2509 334 2574 Sed
357 2508 441 2574 haec
463 2531 532 2576 non
556 2511 762 2578 Graecorum
784 2512 880 2578 ratic.
928 2512 975 2577 Hi
997 2517 1086 2598 ὄμμα
1102 2523 1137 2577 et
1160 2512 1282 2576 similia
1305 2512 1439 2599 saepius
1461 2513 1502 2577 de
1526 2535 1576 2590 eo,
1601 2511 1697 2598 cujus
1720 2534 1783 2597 ope
1803 2513 1968 2594 videmus,

267 2597 309 2662 de
331 2598 406 2664 luce
429 2599 562 2683 dicunt,
591 2606 808 2680 atrectatu
835 2603 917 2671 Lex,
934 2602 1102 2686 Dindorf.)
1135 2603 1285 2686 ὀμματόω
1309 2601 1478 2666 illustrare
1505 2603 1708 2667 translatum
1736 2601 1790 2668 sit.
1839 2601 1969 2667 Weckl.

266 2693 345 2773 apte
373 2697 548 2775 comparat
582 2690 768 2776 έξομματὸω
792 2691 904 2756 Prom.
921 2693 973 2757 49.
1021 2691 1184 2756 Conferas
1218 2690 1321 2755 etiam
1356 2691 1515 2778 βλέφαρον
1550 2713 1601 2779 ap.
1621 2691 1724 2778 Soph.
1741 2692 1822 2756 Ant.
1842 2691 1906 2758 104
1929 2691 1970 2755 de

267 2776 345 2842 sole.
385 2778 488 2842 Plura
510 2778 662 2844 invenies
686 2801 739 2867 ap.
757 2780 952 2846 Schulzium
976 2780 1017 2845 de
1039 2779 1244 2867 imaginibus
1267 2780 1430 2866 Aeschyli
1453 2804 1485 2867 p.
1507 2783 1556 2846 13.

427 2924 457 2968 v.
475 2904 542 2969 494
565 2904 786 2992 πολισσούχων
810 2907 894 2970 θεῶν
918 2906 1044 2992 βωμοὺς
1065 2907 1225 2990 προνάους
1256 2908 1321 2969 καί
1346 2956 1353 2970 .
1379 2953 1386 2969 .
1412 2958 1419 2972 .
1445 2906 1558 2989 έδρας
1585 2927 1646 2992 per
1673 2905 1971 2992 amplificationem

268 2989 404 3056 dictum.
446 2992 533 3057 Nam
557 2994 653 3058 sedes
677 3016 753 3060 arae
776 2993 1030 3081 intelleguntur.
1072 2993 1122 3062 Of.
1140 2994 1228 3060 infra
1252 2996 1315 3062 501
1342 2995 1467 3080 βωμοὺς
1491 2997 1644 3079 ἀστικοὺς,
1669 2996 1754 3061 θεῶν
1779 2997 1883 3080 ἕδρας.

427 3118 492 3184 507
523 3122 624 3205 χειρί
652 3121 718 3184 καί
749 3120 854 3206 λόγοις
884 3120 991 3187 σέθεν.
1024 3121 1119 3184 Haec
1149 3119 1274 3186 codicis
1298 3118 1474 3206 scriptura.
1510 3120 1640 3187 Weckl.
1659 3120 1874 3185 Valckenarii
1897 3143 1970 3186 con-

265 3204 433 3297 jecturam
456 3207 559 3294 χειρία
582 3208 715 3295 recepit.
757 3207 824 3274 Sed
847 3209 931 3273 illud
955 3217 1071 3294 aptam
1095 3209 1298 3274 sententiam
1321 3208 1474 3293 praebet:
1499 3215 1586 3274 nutu
1610 3216 1645 3274 et
1667 3209 1765 3294 (voce
1787 3213 1871 3294 tua).

427 3333 493 3397 534
515 3333 634 3398 νέωσον
658 3337 786 3418 εὔφρον’
810 3336 905 3401 αἶνον.
947 3334 1137 3418 ,Emeuere
1160 3334 1196 3398 in
1216 3333 1349 3398 deinem
1366 3333 1572 3399 Gedttchtnis
1597 3333 1651 3398 die
1674 3357 1737 3399 uns
1761 3335 1971 3400 freundliche

268 3419 403 3502 Kunde,
428 3421 488 3484 der
511 3422 557 3485 du
580 3421 669 3487 einst
690 3423 735 3489 Jo
758 3424 796 3488 in
817 3424 922 3488 Liebe
946 3423 1157 3489 beriihrtest“
1184 3422 1315 3489 Weckl.
1332 3423 1427 3488 Haec
1450 3429 1613 3490 contorta.
1653 3424 1775 3489 Melius
1799 3425 1969 3510 Droysen:

273 3509 357 3591 „den
384 3508 515 3574 Ruhm
543 3510 615 3574 der
642 3513 809 3596 einst’gon
837 3512 1006 3578 Gnade.“
1049 3517 1173 3598 εὔφρων
1199 3515 1284 3590 αἶνος
1307 3511 1461 3577 similiter
1488 3512 1616 3577 dictum
1645 3535 1684 3576 ac
1714 3514 1841 3590 δικαίοις
1867 3515 1974 3600 λέγοις

269 3618 302 3660 v.
321 3599 393 3675 168,
418 3605 453 3663 et
476 3599 579 3664 δίκαια
602 3602 704 3690 κράτη
729 3624 761 3668 v.
779 3601 854 3670 437.

496 3725 562 3790 536
585 3727 727 3810 ἔφαπτορ
751 3727 843 3803 Ἰοῦς.

589 3813 655 3891 δίας
676 3838 722 3880 τοι
745 3815 837 3902 γένος
859 3817 1013 3902 adrepet*
1037 3819 1121 3883 εἶναι.

271 3936 306 3999 δι’
332 3939 378 4013 ἇς,
403 3935 493 4021 quod
516 3937 645 4006 Porson
668 3940 854 4028 proposuit,
879 3940 1051 4026 aptissime
1074 3964 1110 4007 se
1132 3943 1237 4008 habet
1256 3965 1318 4008 nec
1334 3942 1403 4008 ulla
1427 3941 1563 4008 omnino
1587 3942 1731 4008 mutatio
1755 3951 1816 4023 est,
1841 3952 1880 4009 ut
1903 3967 1971 4010 non

271 4023 476 4111 intellegam,
501 4027 558 4111 qui
581 4051 662 4115 prae
685 4051 725 4095 eo
749 4029 814 4095 alia
838 4030 1041 4116 quibusdam
1064 4032 1226 4115 (Butlero,
1250 4031 1474 4116 Weckleinio)
1498 4031 1696 4118 placuerint.

429 4153 505 4217 544.
535 4152 607 4239 διχῆ
636 4155 830 4240 δ’ἀντίπορον
863 4165 957 4240 γαῖαν
990 4158 1022 4222 ἐν
1057 4161 1135 4242 αἴσᾳ
1168 4157 1375 4242 ὃιατέμνουσα
1403 4156 1504 4240 πόρον
1536 4158 1688 4243 κυματίαν
1720 4159 1824 4242 ὁρίζει.
1878 4159 1971 4225 Haec

272 4237 446 4304 obscurius
475 4239 566 4306 dicta
588 4263 651 4308 nec
679 4265 698 4308 a
726 4245 916 4332 Droyseno:
956 4245 1024 4330 ,sie
1052 4246 1119 4330 gab
1148 4246 1207 4310 der
1234 4245 1429 4331 Schickung
1456 4245 1577 4331 gemti}
1608 4247 1761 4311 zweimal
1791 4271 1869 4312 zum
1897 4249 1969 4334 jen-

272 4325 416 4413 seitigen
444 4328 568 4394 Strand
599 4330 816 4418 fldchtendd)
848 4335 915 4398 den
943 4331 1122 4400 Fluttoren
1152 4336 1211 4400 des
1238 4335 1368 4399 Maenas
1396 4335 1547 4400 Namen“
1578 4357 1640 4400 nec
1671 4359 1691 4402 a
1718 4336 1857 4402 Krusio:
1891 4337 1970 4416 „das

268 4416 450 4502 jenseitige
462 4419 559 4484 Land
574 4419 651 4486 teilt
667 4421 714 4486 sie
729 4422 807 4487 dem
819 4422 991 4490 Schicksal
1001 4423 1140 4510 gemall¹⁴
1159 4435 1218 4510 γᾶν
1234 4425 1443 4510 διατέμνουσα
1459 4430 1694 4511 conjungente,
1711 4425 1808 4510 quasi
1822 4448 1972 4511 unquam

271 4505 401 4590 fuisset,
426 4513 466 4571 ut
488 4508 570 4573 Asia
593 4516 628 4574 et
651 4510 787 4597 Europa
810 4519 897 4577 circa
919 4511 978 4577 illa
1000 4514 1074 4579 loca
1096 4513 1186 4578 inter
1208 4536 1244 4579 se
1267 4513 1530 4594 continerentur,
1561 4521 1747 4600 perspecta,
1777 4516 1857 4582 dum
1880 4523 1971 4582 recte

272 4602 446 4660 construas
470 4594 505 4660 in
528 4597 618 4664 hunc
641 4599 792 4666 modum:
817 4600 861 4666 Jo
885 4603 1020 4685 fretum,
1044 4603 1201 4668 fluctibus
1225 4603 1293 4668 alte
1309 4625 1504 4688 exsurgens,
1528 4625 1571 4668 ex
1586 4604 1658 4668 fato
1673 4603 1831 4670 traiciens
1847 4611 1972 4670 terram

272 4685 475 4750 exadversus
498 4685 598 4752 sitam
623 4687 816 4775 (singularis
843 4691 1048 4776 reciprocam
1071 4691 1176 4757 habet
1202 4693 1285 4774 vim)
1310 4731 1352 4743 -
1375 4691 1548 4778 Europam
1571 4692 1707 4777 quidem
1730 4701 1765 4757 ct
1788 4693 1904 4759 Asiam
1929 4736 1972 4744 -

270 4772 440 4861 utrimque
456 4775 574 4840 definit
589 4778 696 4863 (γαῖαν
713 4778 832 4864 ὁρίζει),
856 4779 1063 4866 probabilem
1080 4782 1280 4847 sententiam
1298 4781 1461 4850 efficiunt.
1496 4781 1530 4846 Si
1545 4783 1636 4847 enim
1651 4788 1774 4848 fretum
1797 4790 1972 4850 transnare

274 4901 414 4913 ----,.,
436 4906 491 4911 „—

432 4952 548 5023 'lquae
566 4953 683 5025 quidem
702 4954 810 5012 Wachl.
824 4957 908 5010 aliter
925 4975 960 5011 ac
976 4962 1065 5012 ceteri
1084 4963 1272 5029 argutiusque
1291 4959 1427 5030 exphcat:
1455 4959 1535 5014 Oder
1551 4960 1599 5015 ich
1617 4965 1674 5014 irre
1698 4961 1765 5014 sehr
1784 4961 1820 5015 ab
1839 4963 1972 5027 (titusche

273 5021 362 5092 mich)
383 5026 412 5076 in
431 5023 481 5079 der
499 5023 595 5079 Natur
613 5027 707 5081 dieses
727 5026 857 5084 Streitea

1760 5144 1775 5195 3
