4122 5792
963 170 985 232 4

125 379 328 469 plicationis‚
352 379 444 467 quod
466 379 558 448 idem
580 403 658 448 cum
681 380 769 448 Jove
803 381 994 469 supplicum
1029 379 1192 466 praeside.
1240 379 1512 445 Consentaneum
1536 384 1590 444 est
1611 377 1702 444 huno
1727 399 1827 444 usum

125 468 294 536 rarissime
322 469 358 535 in
392 491 556 556 personae
589 469 782 536 nominibus
815 469 971 553 inveniri,
1007 469 1203 557 saepissime
1236 467 1273 534 in
1306 467 1417 534 rebus.
1463 467 1563 534 Nam
1586 467 1628 532 ad
1662 487 1827 555 personae

126 581 250 626 nomen
274 558 475 645 adjunctum
498 557 757 646 ambiguitatem
781 559 957 647 epitheton
981 559 1096 641 efficit,
1121 557 1200 646 quia
1223 557 1312 623 idem
1336 557 1443 644 ipsius
1471 579 1634 644 personae
1654 556 1827 644 propriam

125 647 294 735 quandam
330 647 401 714 vim
436 647 662 734 (qualitatem)
698 647 856 718 declarat.
910 648 1004 714 Solet
1037 648 1126 716 enim
1156 649 1297 734 ἀφίκτωρ
1326 647 1476 732 itemque
1505 645 1595 733 ίκτηρ
1631 645 1829 733 simpliciter

125 738 270 826 supplex
299 759 381 806 esse.
433 738 486 805 Ac
513 737 579 804 uisi
607 759 662 804 res
690 737 852 821 obstaret,
886 737 1049 825 Juppiter
1077 738 1221 825 supplex
1249 735 1403 821 intellegi
1430 743 1580 823 posset·
1607 735 1655 802 Et
1682 756 1719 800 re
1746 757 1827 802 vere

127 849 194 894 non
217 828 294 915 plus
317 849 422 892 unum
438 827 476 893 in
497 826 660 914 exemplis
677 849 697 892 a
713 827 934 893 Dettweilero
950 827 1062 892 allatis
1078 827 1203 906 inveni,
1227 825 1344 911 inquo
1367 824 1525 891 liberiore
1540 847 1604 891 usu
1619 824 1827 912 adjectivum

124 938 288 1004 personae
316 916 510 1004 appositum
539 915 599 983 sit:
631 917 711 1002 ἀνὴρ
736 918 902 1003 δυσδάμαρ
927 919 1004 1003 (Ag.
1031 920 1140 1000 1319),
1170 915 1311 981 maritus
1339 912 1513 1001 improbae
1541 913 1707 1000 conjugis,
1736 913 1827 1000 quod

125 1005 216 1072 idem
240 1004 439 1093 simpliciter
460 1004 619 1071 maritum
643 1005 835 1093 improbum
858 1027 977 1072 sonare
1000 1005 1109 1094 possit
1129 1005 1304 1071 etsoleat.
1350 1002 1510 1069 Getarum
1537 1002 1691 1069 dubitavi
1719 1025 1763 1068 an
1790 1002 1826 1069 iu

124 1095 178 1161 his
202 1094 426 1182 Bemhardyi,
454 1093 513 1182 qui
547 1093 677 1182 primus
705 1094 748 1160 de
776 1095 841 1161 hoc
869 1115 936 1162 usu
964 1093 1037 1181 egit
1065 1093 1415 1176 (Wissenschaftliche
1445 1091 1588 1179 syntax,
1614 1095 1665 1161 13.
1686 1092 1827 1180 Kapitel

124 1207 157 1272 p.
175 1187 241 1252 425
256 1183 330 1271 fige
353 1183 542 1251 sententiae
566 1184 769 1269 accederem,
794 1184 862 1250 duo
884 1182 1022 1250 nomina
1044 1185 1108 1249 hac
1131 1183 1187 1249 via
1206 1183 1242 1248 in
1264 1204 1370 1248 unum
1394 1181 1541 1248 conflate
1562 1204 1636 1248 esse
1659 1180 1826 1248 censentis

124 1281 160 1340 et
175 1271 437 1361 compositorum
456 1272 632 1339 nominum
648 1295 688 1339 ea
702 1273 777 1340 vice
792 1273 910 1340 functa
926 1294 1009 1343 esse.
1044 1272 1149 1338 Velut
1162 1271 1373 1359 ξιφοδηλητον
1388 1271 1527 1338 θάνατον
1543 1309 1588 1320 -
1602 1271 1827 1358 ,Schwartes-

124 1363 216 1446 tod“,
242 1361 445 1450 αἰχμαλώτου
468 1364 664 1450 δουλοσύνης
689 1361 1135 1449 ,Kriegsgefangenschelffl
1161 1361 1273 1444 vertit,
1297 1359 1387 1447 quod
1412 1360 1580 1426 etiamad
1603 1365 1723 1426 notum
1742 1359 1826 1426 illud

123 1461 271 1608 :lptqrqpu
300 1448 564 1606 ἐξείνιζεὶρφφεῃξί]ξι
579 1451 629 1518 VI
652 1451 784 1607 eutr),d
798 1453 886 1553 ηφαρ
903 1453 1089 1606 ἑλφὺθεῖφον
1119 1450 1290 1606 (ilbqptbb),
1314 1449 1826 1604 altemmz,·lir{ilqeitsbeqhep⁸,

126 1562 571 1717 enalirholltllets
589 1561 902 1718 1301331111
940 1563 981 1606 ⁸·
1050 1563 1089 1606 ⁶⁰
1113 1561 1173 1606 ⁰⁸
1229 1560 1440 1627 'mmmmm
1483 1563 1535 1618 ²⁰³
1572 1545 1825 1668 277221)

283 1767 316 1814 v.
334 1749 366 1814 9.
406 1749 569 1833 αὐτογενεῖ
591 1745 766 1834 φυξανορίᾳ
790 1746 987 1830 (secundum
1010 1744 1206 1832 Bamberg.)
1229 1767 1262 1810 v.
1278 1744 1406 1813 Dettw.
1422 1767 1456 1832 p.
1473 1747 1503 1813 7.
1683 1725 1686 1732 ¹
1749 1749 1751 1812 1

283 1867 316 1912 v.
336 1844 387 1910 10.
426 1845 529 1931 γάμον
553 1883 597 1894 —
621 1846 721 1932 ἀσεβῆ
766 1866 798 1910 v.
816 1839 859 1909 ad
882 1867 915 1912 v.
932 1845 1007 1912 225.
1239 1890 1242 1896 ·
1319 1844 1322 1850 ’
1542 1845 1545 1852 ’
1749 1833 1752 1846 ’

284 1965 315 2011 ν.
335 1943 385 2010 18,
424 1942 517 2030 γένος
538 1941 694 2028 ἡμέτερον
718 1943 793 2032 βοὸς
816 1942 849 2022 ἐξ
874 1943 998 2030 ἐπαφῆς
1020 1943 1080 2022 κάξ
1106 1941 1265 2019 ἐπιπνοίας
1287 1941 1357 2018 Διὸς
1378 1940 1563 2007 τετέλεσται.
1674 1969 1677 1974 ·
1734 2015 1738 2024 ,

284 2067 328 2132 ln
343 2066 396 2132 his
419 2066 532 2133 verbis
556 2066 740 2133 difficultas
764 2067 929 2154 quaedam
953 2068 1053 2151 inest,
1078 2066 1157 2153 quia
1176 2087 1297 2155 parum
1319 2065 1437 2152 liquet,
1461 2087 1528 2152 quo
1551 2070 1738 2143 contactus,
1762 2087 1829 2152 quo

126 2156 269 2222 afflatus
293 2161 433 2242 spectet,
457 2178 544 2241 quae
566 2157 655 2223 ratio
681 2155 772 2222 inter
797 2163 977 2243 utramque
1005 2179 1077 2224 rem
1106 2155 1305 2223 intercedat.
1350 2153 1421 2221 Alii
1449 2154 1648 2242 simpliciter
1670 2161 1830 2224 contactu

125 2245 225 2314 Jovis
248 2244 436 2312 demulsam
451 2246 497 2314 Jo
520 2252 663 2312 matrem
685 2245 849 2330 factam*)
874 2246 947 2312 sive
970 2245 1099 2313 semine
1121 2245 1186 2312 hoc
1205 2246 1307 2312 modo
1330 2253 1495 2333 concepto
1519 2245 1591 2311 sive
1613 2251 1715 2332 partu
1738 2243 1829 2311 edito

126 2335 341 2421 intellegunt,
376 2333 487 2420 eliis)
521 2335 786 2402 contrectatione
814 2335 873 2401 illa
901 2335 944 2402 ed
979 2335 1160 2402 sanitatem
1194 2335 1445 2421 humanamque
1478 2334 1622 2401 formam
1640 2333 1829 2402 'reductam

127 2425 257 2492 volunt.
304 2421 494 2510 Dijudicari
517 2425 560 2489 de
582 2423 642 2491 illa
663 2446 699 2490 re
722 2446 790 2491 non
813 2446 913 2512 posse
941 2425 1087 2507 videtur,
1118 2425 1200 2512 quin
1228 2424 1333 2491 ceteri
1360 2423 1436 2503 loci,
1466 2423 1525 2509 qui
1552 2445 1606 2510 ep.
1622 2423 1830 2512 Aeschylum

126 2515 162 2579 in
184 2513 271 2579 hanc
288 2519 419 2600 partem
442 2513 673 2592 inveniuntur,
697 2522 943 2601 comparentur.
986 2515 1052 2580 Sed
1069 2513 1119 2578 illi
1134 2514 1224 2579 inter
1238 2535 1274 2580 se
1290 2512 1485 2601 discrepant
1500 2518 1535 2578 et
1549 2521 1829 2598 utroqueversum

128 2603 284 2669 tendunt.
324 2601 413 2667 Sunt
435 2609 550 2668 autern
572 2602 623 2670 hi:
654 2606 719 2670 312
744 2603 822 2681 Ζεὺς
844 2605 1027 2690 γ’ἐφάπτωρ
1057 2605 1138 2691 χειρὶ
1166 2605 1263 2688 φιτύει
1285 2603 1390 2690 γόνον.
1436 2604 1503 2669 314
1528 2601 1677 2687 Ἔπαφος
1699 2604 1832 2688 ἀληθῶς

129 2691 246 2777 ῥυσίων
277 2691 451 2776 ἐπώνυμος.
497 2695 563 2759 535
585 2703 679 2778 γενοῦ
696 2691 926 2778 ’πολυμνηστορ
951 2695 1094 2778 ἔφαπτορ
1119 2691 1211 2770 Ἰοῦς.
1249 2692 1315 2758 592
1345 2693 1451 2778 πατὴρ
1480 2695 1656 2778 φυτουργὸς
1684 2693 1830 2779 αὐτόχειρ

128 2780 216 2860 ἄναξ.
260 2783 342 2847 1067
366 2792 514 2866 πημονᾶς
529 2782 653 2846 ἐλυσατ’
671 2786 706 2846 εὖ
723 2784 804 2868 χειρί
827 2783 972 2868 παιωνίᾳ.
1008 2781 1187 2847 Accedunt
1202 2803 1244 2846 ex
1258 2781 1463 2847 Prometheo
1477 2781 1544 2850 849
1568 2783 1707 2848 eaesae
1731 2782 1770 2869 δή
1796 2803 1831 2846 σε

129 2870 207 2948 Ζεὺς
232 2870 357 2955 τίθησιν
385 2871 531 2956 ἔμφρονα
562 2871 693 2954 ἐπαφῶν
722 2871 852 2958 ἀταρβεῖ
879 2873 961 2958 χειρὶ
992 2873 1046 2936 καὶ
1075 2871 1174 2958 θιγὼν
1204 2872 1314 2958 μόνον,
1348 2888 1491 2957 quorum
1520 2871 1664 2936 alterum
1696 2891 1832 2938 versum

129 2981 250 3046 parum
276 2957 379 3044 justis
408 2958 519 3026 oensis
536 2959 724 3025 Elmsleius
754 2969 789 3025 et
817 2968 896 3045 post
918 2982 995 3026 eum
1019 2959 1168 3026 Dindorf
1191 2959 1344 3047 spurium
1366 2966 1542 3047 putarunt,
1573 2965 1675 3046 atque
1704 2977 1746 3025 ex
1768 2959 1832 3026 hac

129 3047 329 3135 Supplicum
344 3047 462 3114 fabula
475 3070 507 3116 v.
524 3051 583 3116 45:
609 3049 642 3128 ἐξ
659 3049 819 3126 ἐπιπνοίας
835 3049 937 3135 Ζηνὸς
952 3051 1079 3136 ἔφαψιν,
1100 3071 1187 3136 quae
1210 3048 1317 3115 verba
1337 3049 1374 3114 in
1389 3059 1576 3116 extremum
1593 3049 1704 3116 locum
1718 3047 1831 3135 rejeci,

130 3137 210 3224 quia
233 3137 275 3202 de
298 3137 445 3204 sanitate
469 3160 586 3204 eorum
610 3147 654 3216 et,
679 3146 719 3204 ut
741 3159 805 3222 ego
829 3138 967 3225 quidem
990 3138 1146 3222 arbitror,
1175 3146 1266 3205 recte
1296 3139 1483 3208 dubitatur.
1529 3138 1608 3204 Duo
1631 3137 1695 3204 loci
1718 3149 1833 3225 aperte

131 3226 174 3293 ad
197 3226 465 3313 procreationem
489 3225 676 3315 pertinent:
700 3249 733 3294 v.
751 3229 817 3294 312
840 3234 876 3293 et
898 3230 974 3305 592,
999 3228 1067 3294 duo
1090 3236 1150 3295 aut
1173 3234 1242 3294 tres
1265 3228 1308 3294 ad
1333 3227 1489 3294 sanitatis
1518 3227 1713 3313 formaeque
1734 3227 1833 3293 r'esti·

129 3316 313 3381 tutionem:
346 3318 430 3383 1067
460 3324 495 3382 et
524 3339 566 3382 ex
588 3316 792 3383 Prometheo
820 3340 853 3386 v.
869 3319 947 3395 849,
976 3318 1067 3403 quod
1096 3317 1186 3383 idam
1215 3317 1252 3384 in
1275 3317 1393 3405 Suppl.
1410 3340 1442 3383 v.
1460 3319 1527 3385 314
1554 3316 1664 3383 inesse
1681 3316 1830 3384 'videtur

130 3405 220 3472 Nam
248 3411 361 3474 sonat:
396 3405 560 3494 Epaphus
591 3429 633 3472 ex
666 3406 882 3473 restitutione
916 3428 1041 3473 nomen
1074 3406 1221 3474 trahens.
1269 3407 1323 3473 Ex
1351 3428 1451 3474 versu
1478 3409 1544 3474 535
1573 3405 1659 3475 nihil
1688 3405 1832 3472 dilucide

131 3494 240 3582 repeti
274 3495 399 3581 potest.
459 3493 509 3562 Ut
542 3495 586 3560 ad
620 3495 787 3561 unitatem
826 3517 1095 3586 consensumque
1115 3496 1213 3578 ,haec
1250 3495 1449 3582 redigerem,
1489 3494 1719 3582 cogitaveram
1753 3494 1834 3562 olim

131 3583 279 3651 voluisse
300 3585 454 3670 poetam:
479 3583 614 3671 adjecta
637 3607 740 3651 manu
764 3583 837 3650 fetu
859 3583 1038 3651 liberatem
1054 3592 1089 3650 et
1112 3584 1242 3674 prolem
1265 3584 1412 3655 edidisse
1428 3593 1463 3654 et
1486 3585 1632 3652 salutem
1648 3583 1834 3672 recepisse3

132 3673 191 3738 sed
215 3672 330 3739 obstat
354 3663 546 3741 Promethei
568 3673 673 3758 locus,
698 3695 764 3759 quo
787 3673 896 3740 solum
924 3681 1073 3740 mentem
1096 3673 1263 3764 recepisse
1287 3673 1422 3759 dicitur,
1447 3683 1482 3740 et
1505 3674 1594 3762 quod
1617 3697 1650 3743 v.
1668 3676 1735 3744 580
1757 3684 1837 3763 post

133 3763 277 3828 salutem
313 3760 449 3826 demum
483 3769 654 3849 receptam
689 3784 805 3829 semen
839 3762 1003 3830 statuitur
1034 3759 1245 3849 concepisse:
1278 3763 1426 3852 λαβοῦσα
1460 3767 1573 3849 δ’ἐρμα
1605 3763 1690 3833 Δῖον.
1736 3766 1835 3832 Nunc

133 3850 288 4006 qqpiqllem
310 3849 434 3952 lusisse
454 3859 605 4007 poetamb
619 3848 777 4008 existitmq
800 3859 834 3918 et
864 3851 1003 3921 arbitrio
1030 3851 1132 4008 rapodo
1162 3854 1226 3956 h⁰.⁰
1255 3847 1354 3920 modo
1377 3851 1833 4010 illthieflffeotumflvpluisse.

238 3961 323 4018 unc,
361 3963 398 4005 ur
424 3963 460 4006 ια
490 3963 582 4006 mem
607 3963 647 4008 us
676 3963 737 4018 es,
781 3964 878 4008 ocum
932 3964 1048 4009 rocrea
1064 3964 1150 4009 roms
1173 3965 1226 4008 vis
1250 3964 1420 4009 accommo
1445 3965 1465 4009 a
1494 3962 1596 4006 ssime
1622 3964 1659 4008 vi
1684 3963 1766 4008 eur.
1790 3978 1834 3988 —

132 4022 200 4102 Sed
224 3963 470 4114 quidaqfflatus
494 4029 560 4096 sibi
582 4029 702 4098 vultl'
727 4031 858 4098 Weckl.
884 3965 932 4096 di
948 4031 1072 4098 amoris
1096 4031 1302 4121 aspiratione
1318 4032 1447 4118 cogitet
1466 4029 1649 4118 respiciens
1664 4032 1731 4114 Ag.
1748 4031 1835 4098 1206

132 4119 236 4186 πνέων
260 4121 354 4206 χάριν
391 4124 468 4204 (ego
503 4119 591 4187 addo
614 4120 854 4186 Horatianum:
891 4119 1044 4207 spirabat
1078 4143 1207 4188 amores
1243 4115 1278 4190 C.
1297 4122 1357 4190 IV.
1377 4123 1428 4187 13.
1447 4121 1488 4188 19
1522 4125 1558 4186 et
1588 4117 1669 4186 aura
1698 4126 1759 4184 tua
1792 4141 1836 4184 ue

133 4206 283 4275 retardet
307 4207 342 4276 ΙΙ
365 4211 396 4276 8.
414 4209 481 4296 24),
511 4210 601 4296 quod
625 4222 740 4276 tamen
764 4210 871 4276 altero
894 4208 1049 4296 exemplo
1072 4233 1192 4296 parum
1220 4211 1446 4276 confirmatur.
1491 4209 1581 4276 Nam
1604 4232 1635 4290 v,
1652 4208 1717 4276 577
1741 4208 1836 4275 lucu·

134 4305 244 4383 lenter
267 4297 435 4364 aerumnis
464 4299 570 4364 levari
600 4300 768 4377 ἐπιπνοίαις
794 4302 847 4366 καί
872 4299 977 4366 σθένει
1007 4301 1181 4386 ἀπημάντῳ
1205 4299 1337 4366 dicitur.
1373 4297 1454 4365 Jam
1477 4303 1618 4387 apparet
1640 4297 1836 4384 quaesatio

135 4394 225 4472 inter
247 4394 428 4472 utrumque
452 4386 652 4455 intercedat.
698 4387 784 4454 Vult
807 4389 896 4454 enim
927 4387 1132 4476 aspiratione
1159 4389 1283 4456 mentis
1313 4388 1425 4454 furore
1455 4389 1590 4455 sublato
1617 4388 1730 4454 sanari
1752 4409 1835 4463 eam,

136 4499 209 4563 qum
233 4477 403 4564 placatam
427 4482 462 4541 et
486 4477 528 4541 ad
552 4475 698 4542 hominis
721 4477 867 4563 figuram
890 4486 1083 4546 revocatam
1106 4477 1344 4544 attrectatione
1365 4476 1542 4565 gravidam
1565 4477 1649 4554 fieri,

296 4592 371 4658 Hoc
394 4590 497 4656 etiam
520 4593 563 4658 ad
586 4591 861 4678 praetermissum
883 4593 996 4659 locum
1019 4595 1064 4674 (v.
1077 4595 1135 4677 45)
1151 4594 1183 4672 ἐξ
1201 4595 1360 4673 ἐπιπνοίας
1375 4595 1478 4683 Ζηνὸς
1492 4594 1608 4680 ἔφαψιν
1632 4592 1836 4674 adhiberem,

138 4681 167 4745 si
196 4704 315 4748 sanum
343 4680 541 4768 judicarem.
589 4681 656 4747 Sed
687 4702 881 4767 quanquam
914 4682 1129 4748 notissimum
1163 4684 1254 4770 apud
1283 4684 1442 4768 Graecos,
1476 4683 1676 4771 praesertim
1706 4689 1837 4770 poetae,

139 4965 158 5018 p
181 4949 196 5000 3
224 4874 712 5000 Herglnfielrihf⁰mmenmi⁰ni⁸
731 4875 768 4930 de
786 4875 924 4948 Aeschyli
943 4877 1110 4951 Supplicem
1134 4881 1254 4934 stasimo
1273 4883 1366 4952 prlmo
1392 4880 1536 4948 particula
1562 4879 1578 4934 Ι
1601 4877 1740 4949 (Herford
1760 4877 1838 4950 1360)

161 4989 166 5004 ⁸
199 4987 205 5014 l
348 5005 353 5014 ⁴
412 4987 424 5016 ‘²
469 4990 475 5000 ’
573 5011 575 5018 ’
1242 5011 1245 5016 ,

301 5051 347 5122 aa)
365 5058 399 5104 ut
418 5056 519 5122 Kruse,
538 5019 613 5110 Einl.
627 5071 654 5126 p.
666 5057 690 5120 2,
709 5019 735 5129 pl.
750 5059 774 5126 5,
904 5031 908 5039 1
981 5021 983 5032 Ι
