4122 5792
953 218 995 278 22

131 446 155 477 ἰ·
170 467 174 482 ·
192 455 198 481 ι·
281 452 313 494 νς
330 432 395 496 793
418 429 519 494 πόθεν
544 429 579 492 δὲ
604 451 654 513 μοι
677 429 786 513 γένοιτ’
813 431 849 512 ἂν
873 425 1159 512 αἰδόροςδρόνος

423 521 503 602 πρὸς
527 521 562 582 όν
585 518 665 603 νέφη
691 519 846 604 δ’ὑδρηλόι
869 518 1003 604 γίγνεται
1027 517 1118 604 >adm

120 682 123 688 ·
280 643 368 707 Leni
392 642 580 714 muta-tione
604 649 663 708 aut
685 642 721 706 in
733 654 838 729 νεφῶν
854 643 989 728 ὑδρηλοὶ,
1017 651 1057 706 ut
1079 642 1203 729 Enger,
1229 642 1415 720 Schwerdt,
1438 643 1551 707 Kruse
1576 642 1737 726 scribunt,
1765 649 1825 708 aut

120 732 156 796 in
179 733 307 816 κόφελλ’
334 733 467 818 ὑδρηλά,
493 740 532 796 ut
547 733 649 797 Dind.
666 731 853 818 proposuit,
877 731 1070 807 tolerabilis,
1096 731 1125 795 si
1147 753 1215 796 non
1233 737 1371 818 optima,
1389 731 1566 797 sententia
1581 732 1672 797 effici
1693 737 1822 817 potest:

121 822 219 887 Unde
243 821 326 886 mihi
350 821 485 887 eveniat
508 821 654 886 aetheris
675 822 784 898 sedes
809 843 874 906 quo
897 820 1042 886 nebulae
1066 842 1212 906 aquosae
1234 820 1270 884 in
1293 819 1407 886 nivem
1423 829 1598 888 concretae
1620 821 1825 908 perveniunt

121 910 206 974 sive:
232 933 298 995 quo
322 933 399 975 cum
422 910 565 975 nebulae
582 917 757 987 venerunt,
783 911 818 975 in
841 908 955 976 nivem
972 909 1213 976 concrescunt?
1249 910 1338 976 Nam
1353 910 1530 996 pervenire
1546 911 1709 997 γίγνεσθαι
1726 932 1825 994 saepe

120 1001 233 1066 valere
258 999 332 1086 quis
356 999 485 1065 nescit?
532 1000 583 1063 Ex
607 1000 724 1065 Krusii
751 999 886 1087 poetica
914 999 1149 1065 translatione:

442 1107 506 1173 Wo
530 1106 637 1172 bietet
659 1107 748 1172 hoch
771 1109 806 1171 in
830 1106 1075 1172 Himmelshdh’
1101 1106 1152 1170 cin
1179 1106 1293 1171 Thron
1316 1105 1388 1170 sich
1412 1107 1484 1184 mir,

439 1198 494 1261 An
518 1197 594 1262 dem
618 1196 678 1261 der
693 1197 817 1262 Wolke
840 1195 994 1261 feuchter
1017 1195 1090 1260 Tau
1113 1217 1156 1259 zu
1180 1194 1311 1260 Schnee
1333 1195 1516 1281 gerinnt,

119 1324 240 1389 parum
262 1301 452 1389 intellegas,
476 1325 559 1368 num
581 1305 836 1389 grammaticam
861 1302 1025 1368 rationem
1050 1309 1141 1368 recte
1163 1301 1381 1388 perspexerit.
1418 1303 1506 1368 Nam
1522 1301 1634 1382 verbis
1659 1323 1733 1366 eam
1756 1323 1822 1368 non

121 1391 287 1478 expressit
309 1414 419 1478 neque
434 1393 470 1457 in
486 1392 762 1464 adnotationibus
779 1393 955 1478 quicquam
973 1391 1098 1458 attulit.
1136 1390 1226 1457 Weil
1242 1397 1354 1471 autem
1371 1397 1411 1456 ut
1427 1392 1587 1458 mendum
1604 1390 1823 1458 constructio·

119 1480 182 1564 nis,
207 1480 235 1545 si
257 1481 430 1568 γίγνεσθαι,
455 1483 544 1565 quod
568 1483 664 1566 solet,
692 1483 803 1570 „fieri“
830 1481 1045 1566 significaret,
1076 1481 1211 1546 tolleret
1240 1484 1315 1566 ἀμφ’
1343 1484 1377 1546 δν
1401 1503 1462 1568 pro
1485 1485 1566 1566 πρὸς
1590 1485 1624 1556 δν
1646 1479 1823 1547 arbitraria

122 1570 266 1657 scripsit.
307 1571 510 1637 Weckleinii
533 1574 714 1658 scriptura:
1005 1571 1030 1580 ”
1653 1571 1655 1578 .

201 1705 223 1714 ..
335 1682 416 1763 πρὸς
440 1681 474 1745 δν
497 1680 626 1763 κόφελλ’
652 1681 777 1765 ὑδρηλοὶ
800 1681 952 1766 πήγνυται
972 1671 1061 1766 χιών,
1542 1739 1545 1742 ,
1678 1757 1679 1760 ¹

333 1789 375 1832 ex
397 1767 561 1832 Dindorfii
585 1775 619 1833 et
642 1769 799 1855 Burgesii
824 1767 1069 1834 mutationibus
1093 1766 1248 1848 conflata,
1274 1765 1445 1832 evidentia
1468 1775 1583 1836 caret

281 1893 345 1958 795
374 1894 603 1977 ἀπρόςδεικτος·
624 1894 751 1980 (πέτρα)
790 1893 918 1960 Weckl.
950 1873 1050 1958 bene:
1088 1892 1184 1978 „weil
1213 1892 1334 1956 dassen
1362 1890 1478 1978 Gipfel
1511 1891 1547 1954 in
1587 1869 1656 1955 die*
1676 1889 1824 1955 Wolhen

119 1979 295 2155 {332pr
317 2004 493 2068 perperam
510 1982 599 2047 Todt
614 2007 647 2070 p.
664 1985 721 2050 28:
739 2005 848 2080 rupes
864 1989 981 2048 tantae
998 1981 1251 2106 altitudiniS,
1276 1987 1315 2045 ut
1330 1989 1492 2045 cacumen
1509 1980 1626 2066 digitis
1643 1979 1824 2084 monstrari

264 2178 331 2242 ⁶De
355 2179 493 2264 οἰόφρων
517 2179 560 2244 cf.
584 2179 679 2246 Tuch
702 2203 735 2266 p.
756 2182 806 2261 17,
831 2179 920 2244 Todt
942 2203 974 2265 p.
992 2183 1044 2246 21.
1065 2177 1239 2243 'Eundem
1263 2201 1294 2241 ν.
1320 2177 1362 2241 ad
1385 2177 1515 2262 κρεμάς,
1540 2167 1652 2262 γυπιόις
1673 2199 1707 2262 p.
1727 2179 1777 2242 ll.

454 2289 520 2352 806
543 2287 597 2351 τίν’
623 2289 700 2372 ἀμφ’
726 2289 822 2364 αὐτοῖς
845 2289 887 2351 ἔτι
910 2288 1010 2370 πόρον
1751 2281 1765 2309 “-
1811 2301 1815 2308 ·

543 2376 645 2461 τέμνω
669 2378 773 2464 γάμου
797 2378 934 2460 λυτῆρα;

279 2491 478 2556 Lectionem
508 2494 584 2578 ἀμφ’
616 2494 712 2570 αὑτᾶς
736 2492 808 2578 jam
837 2498 936 2558 vetus
965 2493 1080 2578 glossa
1102 2490 1273 2578 probavit:
1304 2493 1375 2574 περὶ
1399 2491 1535 2574 ἐμαυτῆς
1556 2487 1822 2574 interpretanda

121 2579 243 2644 Omnia
265 2579 368 2668 hujus
392 2603 473 2647 usus
496 2583 552 2647 vel
576 2582 738 2666 abusus*)
763 2582 853 2668 apud
870 2581 1079 2667 Aeschylum
1095 2580 1249 2668 exempla
1264 2579 1427 2645 Ullmann
1444 2578 1684 2666 (Proprietates
1701 2598 1823 2642 sermo-

119 2668 171 2733 nis
195 2670 387 2754 Aeschylei,
413 2671 719 2758 Donaueschingen
745 2674 841 2753 1890,
866 2693 943 2757 pars
967 2672 1059 2757 Hp.
1088 2672 1140 2755 14)
1170 2668 1313 2736 contulit
1344 2667 1458 2753 eisque
1488 2666 1613 2753 adjecit
1633 2673 1751 2731 cetera
1782 2687 1824 2729 ex

121 2757 245 2823 fabulis
262 2759 424 2825 scaenicis
447 2759 566 2848 petita.
601 2761 730 2826 Eadem
753 2760 906 2826 invenias
930 2762 1019 2846 apud
1043 2759 1176 2845 Dyroff.
1203 2758 1420 2842 (Geschichte
1444 2757 1503 2822 des
1526 2757 1691 2823 Pronom‘
1708 2753 1822 2820 refiex.

120 2847 316 2934 Wura'burg
342 2851 450 2934 1892),
483 2850 541 2936 qui
569 2849 746 2916 universas
771 2851 977 2915 Graecorum
1008 2849 1138 2914 litteras
1170 2849 1205 2913 in
1233 2849 1321 2912 hanc
1344 2853 1477 2934 partem
1500 2846 1694 2933 complexus
1720 2843 1824 2909 etiam

121 2937 252 3002 solutae
283 2939 443 3004 orationis
472 2946 626 3006 auctores
654 2939 883 3027 perlustravit.
931 2939 979 3004 Jn
1006 2939 1082 3025 ipso
1110 2937 1215 3024 igitur
1242 2957 1365 3024 genere
1395 2935 1529 3000 dicendi
1559 2935 1618 3000 diu
1645 2933 1822 3001 notissimo

119 3025 176 3111 (cf.
201 3027 305 3092 etiam
327 3029 371 3096 K.
393 3029 443 3095 W.
461 3030 598 3115 Krr'iger
621 3028 725 3097 Lol.
752 3033 784 3096 2.
813 3030 855 3094 Α.
876 3031 928 3112 15)
957 3050 1056 3093 nemo
1090 3028 1259 3092 editorum
1294 3026 1475 3092 offendisse
1503 3031 1626 3111 potest.
1667 3023 1734 3090 Sed
1761 3043 1822 3086 nu-

119 3137 287 3181 merorum
302 3117 389 3183 ratio
406 3119 609 3203 (trochaicus
627 3125 678 3184 est
698 3121 824 3199 versus)
841 3118 965 3202 obstat,
990 3140 1056 3202 qua
1072 3117 1165 3182 ducti
1182 3117 1239 3181 alii
1262 3116 1337 3193 alia,
1352 3115 1513 3206 'plerique
1537 3115 1684 3200 άμφυγάν
1709 3112 1822 3196 (Bam-

120 3204 212 3291 berg.
237 3206 364 3292 Herm,
387 3207 505 3294 Paley,
534 3209 656 3290 Kruse,
686 3208 788 3290 Weil)
813 3207 1027 3293 seripserunt.
1069 3207 1160 3285 Quos
1184 3207 1337 3292 sequitur
1359 3203 1505 3270 Weckl:
1534 3205 1573 3290 ,ἢ
1597 3203 1650 3268 τίν’
1677 3206 1823 3288 ἀμφυγᾶς

119 3295 252 3379 capell.
298 3295 354 3361 Ad
382 3298 586 3363 sententiam
617 3298 710 3365 bene.
758 3299 800 3362 In
829 3320 905 3382 qua,
938 3319 1014 3361 cum
1045 3295 1149 3361 verba
1178 3317 1239 3382 pro
1268 3301 1359 3360 certo
1388 3291 1551 3359 constitui
1581 3314 1650 3358 non
1679 3290 1818 3378 possint,

119 3383 411 3468 acquiescendum.
451 3387 540 3452 Olim
564 3386 700 3473 quidem
723 3387 857 3473 glossae
880 3384 1075 3452 testimonio
1099 3393 1133 3469 et
1156 3383 1416 3469 auctoritate**)
1439 3389 1561 3466 mutua,
1593 3388 1633 3446 ut
1662 3401 1818 3446 numerus

120 3473 326 3550 conveniret,
352 3478 544 3561 ἀμφ’ἑοιυτοϊς
560 3475 812 3552 substitueram,
829 3498 965 3540 versum
980 3475 1243 3561 respondentem
1260 3477 1323 3542 797
1348 3473 1486 3560 paulum
1504 3471 1672 3537 mutatum
1689 3471 1818 3555 legens:

119 3565 190 3647 πρὶν
214 3565 234 3649 ἢ
257 3565 427 3650 δαΐκτορος
449 3567 512 3653 βίᾳ,
537 3566 595 3631 sed
620 3589 640 3631 a
663 3565 818 3652 Dyroffio
843 3566 898 3644 (cf.
925 3564 1027 3629 etiam
1050 3563 1209 3650 Rappold
1232 3586 1266 3649 p.
1290 3565 1343 3638 43,
1368 3561 1507 3626 Ellendt
1529 3561 1625 3626 lexic.
1652 3560 1754 3646 Soph.
1778 3558 1821 3622 ad

120 3653 229 3734 αὑτοῦ)
260 3655 380 3719 doctus
408 3663 487 3721 ante
510 3657 735 3721 Menandrum
764 3661 798 3719 et
822 3655 1053 3720 Philemonem
1086 3653 1173 3719 hanc
1200 3652 1388 3738 longiorem
1418 3651 1562 3716 formam
1593 3648 1734 3714 abusive
1760 3669 1822 3735 pro

119 3741 229 3826 prima
245 3749 280 3806 et
296 3745 444 3810 secunda
465 3746 611 3831 positam
628 3769 648 3809 a
663 3744 756 3832 poesi
781 3744 897 3809 abesse
923 3748 1013 3828 (nam
1037 3743 1073 3808 in
1096 3743 1207 3808 soluta
1232 3741 1393 3816 oratione,
1418 3741 1514 3805 velut
1529 3738 1620 3825 apud
1632 3739 1821 3816 Platonem,

119 3830 290 3983 Xgnoph,
316 3832 409 3916 alios,
434 3856 502 3899 non
517 3837 616 3921 rara),
641 3835 705 3900 hoe
721 3834 870 3920 periculo
887 3833 1013 3917 destiti,
1038 3831 1237 3920 praesertim
1259 3854 1333 3896 cum
1357 3829 1459 3896 etiam
1477 3827 1645 3904 sententia
1660 3826 1824 3914 languida

120 3919 155 3985 vi
181 3927 300 3986 eretur.
1580 3921 1582 3929 ⁴

204 4006 206 4017 ¹
273 4055 275 4064 .
400 4035 432 4078 v.
448 4015 521 4081 808
545 4016 634 4094 ἴυζευ
658 4015 795 4099 δ’όμφὰν
820 4014 951 4097 οὐράνια

547 4104 626 4188 μέλη
651 4104 760 4168 λίτανα
783 4103 887 4166 θεοῖσι
910 4104 962 4164 καὶ

545 4193 639 4257 τέλεα
663 4193 697 4256 δέ
723 4215 773 4278 μοι
796 4200 863 4268 πῶς
886 4189 1046 4275 πελόμενά
1071 4212 1122 4275 μοι

545 4283 660 4366 λόοιμοι
684 4277 807 4368 μάχιμα
831 4281 955 4364 δ’ἕπιδε,
981 4281 1079 4362 πάτερ

120 4389 235 4470 aperte
259 4396 426 4473 corrupta.
475 4389 537 4453 His
561 4390 677 4454 confer
699 4389 803 4453 verba
827 4387 1074 4471 antistrophae:

406 4499 409 4503 ’
544 4497 636 4580 γένος
657 4500 719 4580 γὰρ
743 4495 912 4583 Αἰγύπτιον
937 4496 1021 4580 ὕβριν

545 4587 706 4670 δύσφορον
730 4585 943 4672 ἀρσενογενὲς,

547 4677 625 4760 μετά
649 4697 688 4758 με
711 4675 853 4758 δρόμοισι
876 4676 1010 4759 διόμενοι

546 4766 673 4850 φυγάδα
698 4765 820 4848 μάταισι
844 4763 1047 4846 πολυθρόοις.
1117 4813 1119 4850 3

121 4889 163 4895 ..ῳ
184 4893 188 4895 .
226 4894 302 4902 ηρ,

281 4941 305 5011 *)
324 4959 408 5012 quem
422 4929 555 5012 Rappold
574 4947 663 5010 negat
682 4940 816 4994 omnibus
836 4939 906 4992 locis
927 4935 983 4992 uti¹
1015 4957 1081 4993 curn
1101 4943 1205 5008 spiritu
1225 4937 1283 4991 leni
1302 4937 1429 4990 scribens
1443 4935 1515 5004 (Das
1527 4925 1820 5003 Reflexivprononien

119 5008 167 5062 bei
186 5012 347 5083 Aeschylus
366 5020 429 5080 etc,
443 5011 625 5084 'Klagenfurt
646 5013 722 5080 1873,
741 5031 768 5082 p.
784 5016 815 5064 41
837 5013 898 5082 aql.
1020 5061 1023 5068 ,
1647 5020 1651 5027 ·

273 5111 320 5181 ·**)
339 5129 396 5181 qua
416 5111 517 5166 eadem
537 5111 673 5166 inductus
688 5109 830 5164 Oberdick
851 5113 921 5176 ἀμφι
937 5129 990 5176 μου
1011 5092 1180 5178 coruscaret,
1201 5083 1325 5162 debebat
1338 5110 1484 5174 ἀμφ’ἑμοῦ.
1515 5104 1558 5159 of.
1573 5120 1658 5175 supra
1670 5101 1706 5156 ad
1719 5119 1746 5158 v.
1762 5101 1818 5152 116.
