4122 5792
1113 143 1156 210 a?

1030 237 1243 246 0——

283 359 495 445 q'uod't'anta
517 337 698 424 insolentia
712 363 887 444 grassatus
912 362 973 436 est,
998 357 1130 444 quaerit
1145 381 1221 424 cum
1238 355 1470 435 admiratione,
1495 378 1607 422 nonne
1629 356 1746 444 ipsius,
1769 356 1870 444 rogis,
1894 379 1987 422 vere-¹

283 448 407 514 cundia
429 454 603 534 permotus
618 469 662 514 ne
677 469 768 514 nunc
784 447 921 532 quidem
937 448 978 514 ad
996 447 1169 514 meliorem
1191 447 1325 534 frugem
1341 446 1511 512 rediturus
1526 468 1589 512 nec
1605 467 1687 512 sana
1710 453 1824 512 mente
1851 453 1987 534 recepta

284 539 400 625 (φρενί)
424 544 644 606 correcturus·
658 536 713 621 sit,
738 559 823 622 quae
847 536 1092 604 malefaceret.

387 691 390 696 ·
443 662 511 730 940
532 665 650 741 ταύτας
672 663 840 740 δ’ἑκούσας
863 663 919 747 μέν
942 669 1011 727 κατ’
1036 666 1158 728 εὔνοιαν
1183 672 1304 747 φρενῶν

506 755 508 764 '
533 755 621 838 ἄγοις
644 755 690 836 ἄν,
716 755 807 836 εἴπερ
831 752 965 840 εὐσεβὴς
987 751 1075 816 πέθοι
1098 752 1203 838 λόγος.

450 958 455 968 Υ
479 876 605 946 Kruse:
652 877 716 941 Die
740 875 909 942 Mtdchen
932 881 1046 963 magst
1069 875 1113 942 du
1137 875 1294 966 nahmen,
1319 899 1419 941 wenn
1442 875 1521 940 dein
1543 875 1735 940 freundlioh
1758 875 1858 942 Wort

654 965 710 1031 Sie
734 964 786 1030 dir
807 964 961 1050 gewinnt
983 967 1052 1030 und
1078 965 1194 1052 eigner
1217 964 1372 1032 Wunsch
1395 964 1453 1031 des
1477 965 1628 1030 Heraens
1651 963 1765 1032 treibt.

442 1094 567 1157 Parum
591 1096 757 1158 accurate.
797 1089 919 1156 Melius
942 1091 1116 1178 Droysen:

654 1197 720 1272 Mit
742 1197 833 1264 ihres
857 1198 1007 1264 Heraens
1031 1197 1185 1264 Wunsch
1208 1198 1277 1264 und
1302 1198 1429 1264 Willen
1452 1205 1566 1284 magst
1590 1196 1713 1262 dudio

654 1287 880 1368 heimfr'ihren,
904 1287 978 1354 falls
1002 1287 1081 1353 dein
1105 1286 1310 1369 ehrerbietig
1333 1287 1434 1354 Wort
1456 1309 1491 1352 es
1514 1287 1615 1354 kann.

442 1412 509 1479 Sed
532 1435 575 1479 ne
604 1413 660 1479 hic
689 1411 838 1499 quidem
860 1435 931 1477 rem
967 1433 1030 1478 acu
1064 1411 1189 1500 tetigit.
1229 1411 1318 1477 Nam
1346 1413 1479 1500 εὐσεβής
1506 1433 1575 1476 non
1607 1410 1650 1476 ad
1673 1410 1803 1497 puellas
1826 1409 1984 1496 pertinet,

282 1502 409 1567 sed'ad
434 1503 525 1587 deos,
549 1510 589 1568 ut
611 1509 702 1568 recte
719 1501 850 1569 Weckl.
873 1500 976 1567 vidit:
1002 1501 1136 1590 εὐσεβής
1158 1501 1250 1567 kann
1273 1500 1345 1566 sich
1365 1524 1430 1567 nur
1446 1501 1509 1566 auf
1527 1501 1581 1566 die
1597 1501 1796 1586 Forderung
1811 1498 1984 1582 beziehen,

282 1590 346 1656 dall
378 1589 431 1656 die
462 1591 651 1678 Heiligkeit
678 1592 737 1657 des
766 1591 991 1657 Gotteraltars
1019 1591 1115 1657 nicht
1141 1591 1287 1657 verletzt
1314 1590 1436 1674 werde,
1466 1589 1529 1655 wie
1558 1611 1593 1655 es
1622 1590 1682 1654 der
1704 1588 1831 1654 Herold
1862 1588 1986 1655 vorher

281 1687 385 1766 getan
408 1682 477 1748 hat.
519 1681 742 1747 Stadtmiiller
764 1683 908 1760 conjecit
931 1681 1074 1766 εὐμενής,
1099 1681 1188 1766 quod
1212 1679 1331 1745 Krusii
1354 1678 1568 1745 translationi
1591 1680 1818 1761 responderet.

441 1808 506 1874 942
529 1809 635 1872 τοιάδε
659 1808 938 1893 δημόπρακτος
961 1808 999 1872 ἐκ
1021 1807 1145 1883 πόλεως
1168 1807 1223 1892 μία

533 1897 641 1982 ψῆφος
663 1896 841 1982 κέκρανται,
867 1895 982 1982 μήποτ’
1008 1897 1154 1961 ἐκδοῦναι
1178 1895 1229 1982 βίᾳ

531 1987 642 2052 στόλον
666 1995 831 2069 γυναικῶν.

441 2112 680 2196 δημόπρακτοςι
710 2110 811 2177 Dind.
840 2133 880 2196 „a
906 2109 1032 2198 populo
1057 2110 1200 2175 factum.
1239 2109 1372 2180 Weckl.
1407 2109 1481 2194 „ein
1515 2131 1583 2174 von
1619 2108 1678 2172 der
1709 2107 1894 2173 Gemeinde
1926 2129 1984 2192 ge·

280 2197 390 2264 taliter
411 2199 613 2268 Beschlull“.
661 2200 728 2266 Sed
763 2199 892 2276 dubito,
928 2222 1004 2265 cum
1039 2221 1101 2264 nec
1137 2202 1245 2285 ψῆφον
1279 2221 1342 2264 nec
1371 2198 1521 2284 ψήφισμα
1549 2200 1693 2282 πράττειν
1721 2196 1862 2265 dicatur.
1909 2197 1984 2282 Ego

280 2290 431 2372 πράσσειν
456 2296 516 2354 aut
539 2311 639 2376 agere
664 2289 898 2375 (verhandeln)
923 2296 983 2354 aut
998 2290 1189 2375 impetrare,
1214 2287 1367 2355 obtinere
1381 2288 1554 2374 intellego.
1590 2287 1773 2351 Decretum
1796 2285 1832 2350 in
1858 2287 1984 2372 populo

280 2377 448 2464 agitatum
471 2379 527 2443 vel
551 2401 570 2444 a
592 2381 719 2467 populo
747 2379 977 2464 impetratum.
1016 2379 1111 2444 Haec
1139 2377 1308 2443 sententia
1338 2377 1457 2442 melius
1489 2376 1592 2442 etiam
1619 2375 1783 2464 procedit,
1819 2375 1848 2440 si
1871 2373 1985 2441 Todtii

280 2466 452 2554 speciosae
475 2468 688 2554 conjecturae
713 2472 750 2534 ἐκ
772 2469 901 2556 γνώμης
924 2479 994 2553 μιᾶς
1017 2467 1195 2533 scribentis
1219 2467 1420 2550 accedimus.

438 2614 506 2680 950
528 2612 609 2679 dod.
627 2613 672 2678 M.
690 2614 760 2679 ἴσθι
784 2615 839 2698 μὲν
862 2614 929 2677 τάδ’
955 2613 1017 2698 ἤδη
1042 2612 1181 2697 πόλεμον
1203 2611 1312 2696 έρισθε
1336 2612 1431 2696 (corr.
1450 2611 1587 2695 ἐρεισθε)
1611 2611 1693 2693 νέον,
1718 2630 1803 2693 quae
1819 2631 1839 2673 a
1855 2607 1983 2674 Cobeto

278 2698 314 2766 in
337 2703 489 2787 ἔοιγμεν
512 2704 576 2787 ἤδη
601 2703 740 2788 πόλεμον
758 2703 907 2786 ἀρεῖσθαι
922 2702 993 2768 νέον
1010 2707 1142 2767 mutata
1157 2699 1268 2766 Wclrl.
1285 2699 1422 2786 recepit.
1438 2699 1583 2786 Propius
1599 2699 1642 2765 ad
1659 2697 1783 2766 codicis
1803 2697 1982 2763 lectionem

278 2789 456 2856 accedunt:
483 2795 520 2856 εἴ
545 2795 632 2858 ’στιν
660 2793 749 2873 τάδ’,
774 2793 795 2876 ἦ
826 2793 949 2857 δεῖ-
973 2791 1134 2876 αἴρεσθαι,
1165 2789 1200 2854 in
1224 2811 1310 2876 quae
1332 2788 1405 2876 ipse
1429 2789 1623 2875 conjectura
1646 2787 1840 2871 incideram,
1863 2794 1983 2874 postea

278 2877 321 2944 ab
344 2881 527 2966 Anonymo
553 2884 596 2965 (v.
615 2881 746 2947 Weckl.
764 2881 815 2948 ed.
834 2880 921 2963 orit.)
943 2880 1069 2968 partim
1100 2885 1282 2967 praecepta
1303 2877 1384 2945 vidi.
1430 2879 1506 2943 τάδε
1535 2878 1750 2944 referendum
1774 2878 1814 2940 ad
1840 2883 1885 2957 (v.
1902 2877 1980 2960 943)

280 2969 388 3052 ψῆφος
408 2969 578 3055 κέκρανται
601 2971 716 3057 μήποτ’
742 2972 887 3036 ἐκδοῦναι
911 2969 972 3057 βίᾳ.

345 3187 348 3194 ,
382 3167 384 3172 .
437 3113 504 3181 958
527 3114 756 3200 δεδωμάτωμαι
780 3116 845 3178 οὐδ’
871 3115 934 3200 ἐγὼ
959 3123 1104 3198 σμικρᾷ
1127 3113 1214 3200 χερί
1243 3119 1302 3176 aut
1328 3133 1397 3177 non
1419 3133 1525 3200 parvo
1550 3116 1697 3197 sumptu,
1722 3109 1857 3196 proprie
1879 3132 1982 3197 parca

277 3222 388 3282 manu,
413 3209 453 3266 ut
476 3201 618 3287 Weckl.,
644 3203 821 3290 Sophoclis
846 3203 1056 3288 ἀφνεωτέραις
1079 3203 1170 3288 χερσὶ
1193 3201 1346 3282 laudans,
1375 3210 1434 3267 aut
1461 3223 1529 3266 non
1553 3199 1676 3284 exiguo
1698 3221 1848 3274 numero,
1872 3200 1980 3286 gregi.

276 3286 365 3355 Nam
395 3291 481 3377 χείρ,
519 3300 559 3357 ut
586 3315 721 3368 manua,
759 3291 893 3377 saepius
921 3291 962 3356 de
994 3300 1130 3358 caterva
1159 3298 1370 3376 usurpatum.
1418 3291 1661 3376 δεδωμάτωμαιε
1698 3286 1901 3354 habitaculis
1930 3289 1980 3353 in-

277 3386 426 3444 structus
450 3402 535 3446 sum.
570 3383 622 3446 De
647 3381 762 3446 multis
779 3380 996 3448 conclavibus
1013 3379 1113 3446 unius
1128 3380 1242 3466 regiae
1258 3379 1430 3466 intellego,
1454 3379 1490 3444 in
1505 3402 1572 3465 qua
1588 3379 1771 3444 multorum
1795 3377 1979 3444 satellitum

276 3466 479 3536 habitationi
495 3471 686 3536 consultum
703 3478 784 3537 erat.
810 3471 906 3550 Quod
924 3470 1048 3537 attinet
1063 3470 1105 3537 ad
1122 3469 1253 3555 δώματα
1269 3469 1376 3555 δήμια,
1393 3493 1426 3536 ν.
1440 3471 1515 3551 957,
1532 3474 1667 3554 praeter
1682 3489 1732 3549 ea,
1749 3489 1835 3552 quae
1848 3467 1978 3534 Weckl.

276 3556 384 3640 affert,
420 3558 523 3624 etiam
547 3559 588 3624 de
618 3560 731 3648 λέσχαι
765 3561 909 3647 cogitari
941 3567 1065 3647 potest.
1112 3559 1314 3646 Exemplum
1338 3558 1475 3644 quidem
1503 3555 1643 3643 hospitii
1672 3556 1807 3643 publice
1830 3555 1979 3623 instituti

276 3644 440 3713 habemus
464 3649 553 3735 apud
578 3648 823 3736 Thucydidem,
848 3649 912 3717 III.
937 3651 981 3717 68
1002 3647 1257 3731 memorantem,
1281 3655 1359 3734 post
1374 3646 1532 3713 Plataeas
1549 3647 1676 3713 deletas
1693 3646 1977 3712 Lacedaemonios

276 3756 318 3799 ex
340 3736 518 3803 ruderibus
542 3737 675 3804 dirutae
705 3737 798 3804 urbis
821 3760 926 3826 prope
950 3738 1096 3804 Junonis
1120 3737 1285 3822 templum
1313 3737 1488 3824 publicum
1512 3735 1741 3802 deversorium
1765 3735 1975 3800 aedificasse:

275 3825 471 3910 καταγώγιον
494 3828 602 3913 κύκλῳ
631 3829 790 3914 οἰκήματα
822 3831 896 3916 ἕχον
920 3828 1067 3892 κάτωθεν
1094 3829 1147 3891 καὶ
1172 3827 1296 3892 ἄνωθεν
1320 3827 1533 3912 ᾠκοδόμησαν
1556 3825 1663 3902 κλίνας
1684 3827 1979 3903 κατασκευάσαντες

275 3923 354 3981 cett.

433 4040 498 4107 961
523 4043 671 4125 πάρεστιν
696 4044 792 4108 οἰκεῖν
819 4045 872 4108 καὶ
901 4043 1148 4128 μονορρύθμους
1170 4043 1296 4128 δόμους.
1336 4039 1538 4106 Difficillimi
1567 4038 1724 4106 vocabuli
1752 4039 1978 4124 μονόρρυθμος

276 4127 365 4214 apud
389 4128 521 4216 nullum
544 4129 707 4198 editorem
740 4131 1001 4219 explicationem
1023 4131 1171 4218 repperi,
1204 4132 1313 4196 solum
1336 4131 1427 4216 apud
1451 4128 1610 4196 Todtium
1634 4128 1669 4193 in
1693 4129 1977 4204 commentatione

275 4217 317 4282 de
340 4216 512 4306 Aeschylo
535 4220 777 4287 vocabulorum
801 4222 979 4289 inventore
1001 4244 1033 4306 p.
1054 4224 1094 4288 19
1119 4220 1301 4286 dicentem:
1326 4242 1432 4286 unum
1455 4218 1619 4285 habentes
1643 4217 1795 4284 ordinem
1818 4217 1840 4286 i.
1865 4240 1891 4284 e.
1918 4219 1976 4283 do-

273 4305 413 4374 minum.
452 4307 627 4374 Posterius
650 4332 719 4375 non
741 4311 857 4399 probo,
882 4317 1032 4376 at'recte
1055 4308 1217 4377 ordinem.
1256 4309 1344 4374 Nam
1362 4310 1486 4394 ῥυθμός
1501 4316 1552 4373 est
1573 4316 1765 4395 temporum
1781 4306 1871 4374 ordo.
1911 4309 1977 4374 Hic

273 4417 347 4461 voc.
372 4396 414 4462 ad
450 4396 625 4464 hominum
661 4399 812 4465 ordinem
847 4401 1059 4467 translatum.
1106 4398 1197 4465 Talis
1221 4398 1357 4486 quidem
1386 4398 1481 4485 regia
1510 4420 1579 4463 non
1610 4404 1691 4481 erat,
1726 4396 1761 4462 in
1792 4418 1858 4484 qua
1880 4399 1975 4464 vario

274 4485 390 4570 generi
405 4485 592 4571 hominum,
616 4486 762 4572 famulis
788 4490 1002 4574 satellitibus,
1028 4489 1101 4554 aliis
1118 4487 1288 4554 domicilia
1303 4492 1423 4574 parata
1438 4495 1544 4554 erant.
1580 4487 1694 4552 Etiam
1711 4486 1753 4551 ad
1770 4489 1975 4554 structuram

273 4574 477 4642 vocabulum
500 4575 592 4642 haud
616 4575 685 4642 scio
709 4598 752 4642 an
775 4579 1020 4644 accommodari
1043 4578 1165 4665 possit3
1189 4600 1268 4644 nam
1290 4577 1350 4642 illa
1372 4577 1533 4652 aedificia,
1559 4576 1675 4641 multis
1695 4574 1864 4662 variisque
1888 4599 1975 4643 com·

273 4671 408 4749 parata,
445 4664 568 4731 similia
603 4665 707 4731 tuisse
742 4666 855 4754 cogito
878 4668 1005 4732 Priami
1039 4667 1162 4751 regiae,
1198 4666 1238 4735 Il.
1264 4666 1322 4732 VI.
1347 4669 1411 4734 242
1437 4688 1483 4752 sq.
1510 4665 1709 4754 descriptae,
1745 4687 1831 4752 quae
1864 4665 1973 4734 tribus

273 4752 504 4820 habitatorum
528 4754 712 4839 ordinibus,
746 4756 820 4843 regi
844 4756 1058 4844 conjugique,
1094 4755 1182 4840 filiis,
1217 4755 1351 4823 filiabus
1376 4755 1556 4836 destinata,
1584 4755 1691 4843 ipsius
1713 4753 1801 4836 regis
1825 4755 1973 4842 domum,

273 4841 520 4930 quinquaginta
543 4845 715 4911 conclavia
737 4844 893 4929 filiorum,
925 4845 1103 4912 duodecim
1126 4845 1271 4911 filiarum
1294 4845 1591 4932 complectebatur,
1622 4867 1707 4931 quae
1735 4843 1872 4930 quidem
1896 4868 1974 4912 con-

273 4931 383 4998 clavia
409 4933 553 5000 laterum
576 4935 636 5001 vel¹
667 4936 796 5001 alarum
831 4935 931 5001 modo
965 4935 1144 5023 principali
1179 4935 1288 5017 domo,
1323 4935 1360 5000 in
1389 4935 1500 5001 medio
1535 4935 1635 5012 sitae,
1672 4934 1834 5022 adjuncta
1869 4935 1973 5000 fuisse

272 5016 441 5107 videntur,
466 5044 543 5090 oum
567 5023 729 5112 sim'plicis
753 5026 872 5091 domus
896 5025 1048 5090 cubicula
1073 5047 1174 5089 unam
1190 5023 1314 5089 lineam
1329 5021 1568 5110 regionemque
1585 5030 1813 5110 sequerentur.
1848 5025 1972 5107 Possis,

1762 5147 1797 5201 4*
