4122 5792
983 162 1028 226 18

897 253 1107 261 *-

150 398 219 440 nou
248 397 329 439 ausa
356 381 455 456 esset,
490 376 593 440 litus
628 373 803 460 utriusque
837 379 945 440 terrae
976 373 1138 439 terminus
1174 373 1363 440 mansisset.
1407 375 1438 438 N
1442 391 1506 438 unc
1535 398 1626 438 mare
1656 375 1853 462 contiguum

150 463 343 550 ingrediens
378 485 455 528 cum
488 469 631 547 utraque
666 469 756 528 terra
789 463 980 549 conjungit,
1016 463 1192 547 utriusque
1227 469 1335 528 terrae
1370 469 1501 548 partem
1514 491 1518 506 ·
1531 477 1743 529 communem
1762 465 1795 547 j.
1824 487 1852 528 e.

150 554 333 618 terminum
349 553 463 620 elficit.
499 553 592 618 Haec
607 551 677 617 fere
695 552 794 617 etiam
808 552 1055 617 Weckleinium
1071 551 1218 616 voluisse
1236 551 1344 618 sentio
1361 551 1413 616 his
1431 553 1542 618 verbis
1560 553 1733 618 commode
1749 555 1854 640 expli-

151 649 298 708 cantem:
325 641 380 708 Sie
403 648 542 726 grenzte
567 641 839 726 gegeneinender
854 642 909 706 die
928 640 1304 728 geganiiberliegenden
1322 642 1458 707 L'ander
1481 642 1534 726 ab,
1558 643 1673 708 indem
1696 641 1744 708 sie
1767 643 1855 708 nach

151 733 211 797 der
225 731 464 817 Bestimmung
485 731 543 796 des
559 730 747 796 Schiclrsals
771 731 836 796 den
852 731 1040 817 wogendeu
1056 730 1149 796 Sund
1172 730 1476 822 ,durchsuhwamm
1501 731 1533 796 d.
1550 731 1571 798 i.
1596 731 1644 797 sie
1668 732 1851 797 schwamm

150 821 234 886 iiber
256 821 322 885 deu
336 821 520 908 Bosporus,
543 819 689 886 welcher
705 820 759 885 die
776 819 907 886 (irenae
935 842 1003 886 von
1018 821 1155 906 Europa
1176 820 1244 885 und
1262 819 1364 885 Asien
1389 819 1504 904 bildet,
1529 821 1595 884 nisi
1620 821 1710 906 quod
1733 827 1854 908 poetae

150 909 262 976 verbis
287 909 397 995 magis
421 910 653 998 responderet:
679 909 831 975 walchen
854 909 902 974 sie
926 909 1076 975 daduroh
1099 933 1161 974 zur
1183 909 1315 974 Grenze
1339 909 1480 976 machte.

413 1039 478 1102 549
502 1056 550 1120 sq.
573 1036 717 1187 Χερδᾷάδὲ
741 1035 945 1188 Τεύθλραντος
967 1038 1044 1099 ἀστυ
1068 1035 1184 1099 Μυσῶν

604 1148 621 1188 υ
643 1147 651 1186 ι
697 1147 730 1189 τε
753 1147 816 1210 γυα
838 1148 858 1188 α

574 1215 627 1277 καὶ
652 1213 688 1277 δι’
714 1215 797 1297 ἀρῶν
821 1211 957 1278 Κιλίκων

573 1301 757 1387 Παμφύλων
780 1325 813 1367 τε
837 1303 1023 1387 διορνυμένα

573 1395 629 1456 τὰν
653 1396 815 1475 ποταμούς
838 1393 970 1469 ἀενάους

572 1483 626 1544 καί
650 1481 872 1568 βαθύπλουτον
896 1482 1003 1568 χθόνα
1025 1482 1079 1546 καί

572 1581 627 1646 τοῖς
650 1568 841 1656 Ἀφροδίτης
863 1572 1047 1654 πολύπυρον
1071 1573 1153 1634 αἶαν.

310 1695 459 1760 Verbum
484 1694 589 1772 deest,
614 1695 703 1780 quod
728 1716 769 1759 ex
793 1693 965 1781 superiore
988 1705 1072 1780 περᾷ
1086 1693 1222 1758 ¹frustra
1244 1700 1387 1780 repetas.
1435 1695 1546 1779 Lego:

573 1787 626 1849 καί
650 1785 685 1848 δι’
712 1786 794 1869 δρῶν
819 1783 954 1850 Κιλίκων

576 1871 760 1959 Παμφύλων
782 1895 816 1938 τε
840 1874 1026 1958 διορνυμένα

577 1966 642 2046 πόιρ
666 1967 829 2048 ποταμοὺς
852 1964 985 2040 ἀενάους

575 2055 632 2117 τὰν
656 2053 878 2137 βαθύπλουτον
902 2053 997 2138 χθόν’
1022 2054 1092 2137 δρᾷ,

457 2152 459 2157 ’
576 2151 632 2218 τοῖς
654 2141 845 2226 Ἀφροδίτας
867 2142 1051 2225 πολύπυρον
1077 2144 1156 2207 αἶαν.
1232 2139 1235 2144 ”

313 2266 449 2333 Ciliciae
477 2265 767 2352 Pamphyliaeque
798 2273 943 2344 montes,
975 2266 1153 2330 fluminum
1185 2287 1327 2351 sequens
1358 2287 1489 2348 cursus,
1519 2264 1700 2351 pervolans
1731 2267 1855 2327 terram

153 2357 354 2423 ditissimam
379 2354 568 2442 (profundis
585 2361 619 2418 et
635 2354 845 2420 inexhaustis
868 2354 996 2420 divitiis
1018 2361 1269 2440 praestantem),
1291 2355 1402 2420 tritico
1419 2353 1695 2441 copiosissimam,
1712 2351 1854 2418 Veneris

153 2469 281 2512 sacrem
297 2451 482 2532 adspectat.
518 2443 592 2523 Qua
614 2467 650 2509 re
666 2443 784 2509 Krusii
807 2453 842 2509 et
858 2443 1050 2510 Oberdickii
1075 2443 1254 2528 dubitati0,
1279 2465 1459 2528 quamnam
1483 2450 1608 2508 terram
1632 2441 1854 2530 βαθύπλουτον

153 2545 254 2622 poeta
276 2536 413 2608 diceret,
437 2532 566 2599 nescire
590 2555 626 2598 se
649 2533 830 2598 fatentium
847 2533 992 2603 tollitur
1027 2534 1091 2598 Est
1107 2533 1243 2618 quidem
1260 2533 1377 2598 eadem
1394 2555 1471 2598 cum
1486 2542 1576 2598 terra
1592 2531 1734 2596 Veneris
1752 2551 1854 2594 sacra.

153 2627 250 2691 Hanc
274 2633 387 2690 autem
411 2621 630 2688 Phoenicium
652 2623 772 2688 sentiri
795 2622 976 2689 scholiasta
995 2625 1068 2708 jam
1090 2622 1187 2689 vidit.
1313 2639 1315 2642 ·
1767 2629 1770 2638 ’

365 2773 396 2816 v.
415 2751 480 2816 575
502 2771 549 2833 sq.
575 2748 653 2825 Ζεύς
676 2750 788 2824 αἰῶνος
811 2748 913 2833 κρέων
939 2750 1101 2813 ἀπαύστου
1220 2795 1221 2800 1

578 2927 630 3014 βία
653 2927 858 3013 δ’ἀπημάντῳ
883 2927 996 2993 σθένει.

313 3055 484 3119 Lacunam
501 3051 685 3134 Hermann,
710 3074 810 3137 quem
832 3051 984 3138 plerique
1005 3058 1200 3136 sequuntur,
1225 3051 1385 3138 explevit,
1411 3051 1488 3127 Ζεὺς
1510 3049 1546 3114 in
1562 3050 1706 3114 alterum
1722 3053 1855 3112 versum

153 3145 289 3232 rejecto,
315 3142 477 3208 scribens:
1184 3161 1186 3168 v

580 3231 616 3294 δι’
642 3233 755 3307 αἰῶνος
776 3230 880 3315 κρέων
905 3233 1067 3296 ἀπαύστου

577 3324 729 3404 πράκτωρ
752 3321 838 3385 τοῦδ’
862 3322 963 3405 ἐφάνη
988 3321 1075 3398 Ζεύς,

579 3410 640 3474 δύα
663 3411 867 3494 δ’ἀπημάντιγ)
891 3409 996 3474 σθένει
1022 3463 1028 3475 .
1055 3463 1061 3476 ,
1088 3463 1113 3475 .,

459 3555 465 3570 .
577 3501 708 3564 παύεται

314 3611 391 3674 Non
414 3608 540 3693 placet;
564 3628 641 3670 uam
667 3607 754 3689 Ζεύς,
779 3627 845 3691 quo
868 3606 1004 3672 nomine
1027 3606 1251 3693 respondetur
1270 3605 1317 3680 ad
1333 3605 1541 3689 superiorem
1556 3599 1857 3685 interrogationem

153 3703 198 3780 τίς
220 3703 258 3786 ἦν
283 3703 299 3766 ό
324 3698 455 3784 beliue,
479 3696 514 3760 in
539 3717 604 3780 quo
628 3717 760 3761 summa
782 3695 833 3760 vis
858 3703 892 3760 et
916 3695 1088 3761 contentio
1112 3702 1174 3780 est,
1205 3694 1353 3782 primum
1375 3695 1486 3759 locum
1510 3699 1625 3756 tenere
1649 3689 1763 3764 debet,
1794 3708 1857 3752 nec

154 3800 233 3878 apte
264 3788 394 3855 animus
423 3784 687 3870 interrogatione
717 3789 869 3849 attentus
899 3785 1026 3851 diutius
1055 3807 1237 3870 suspensus
1267 3789 1412 3851 tenetur.
1452 3777 1678 3860 Quamobrem
1700 3779 1857 3843 lacunam

154 3882 202 3946 sic
225 3879 356 3966 expleo:

579 3964 656 4040 Ζεύς
679 3965 783 4050 ἀλγῶν
807 3973 875 4027 ποτ’
901 3966 1018 4030 ἔλυσεν.
1059 3965 1181 4029 Porro:

579 4053 648 4130 Διὸς
670 4054 874 4138 δ’ἀπημάντῳ
899 4053 1004 4119 σθένει
1029 4106 1035 4121 .
1061 4105 1068 4118 .
1095 4107 1101 4120 .

578 4145 708 4208 παύεται

314 4274 426 4349 αἰῶνος
442 4271 604 4336 ἀπαύστου
622 4269 751 4353 (κρέωντ
776 4266 937 4354 ‚luppiter
959 4290 1018 4332 rex
1034 4267 1110 4332 aevi
1126 4267 1226 4331 nullis
1241 4265 1365 4330 finibus
1386 4260 1641 4348 circumscripti)
1665 4265 1719 4324 est
1741 4263 1853 4344 genet.

154 4362 342 4452 qualitatis,
371 4362 467 4446 cujus
491 4382 583 4437 usuc,
613 4366 742 4423 utnon
765 4357 922 4443 frequens
947 4356 1038 4443 apud
1062 4357 1218 4438 Graecos,
1246 4355 1295 4418 ita
1318 4353 1373 4418 hic
1395 4353 1465 4419 illic
1488 4375 1507 4418 a
1531 4350 1640 4439 poetis
1664 4348 1853 4436 adhibetur.

154 4457 195 4521 V.
217 4455 262 4518 K.
287 4451 342 4518 W.
364 4452 508 4535 Kriiger.
527 4449 570 4515 ΙΙ,
594 4450 681 4530 β47.
705 4450 736 4514 8.
758 4448 799 4513 A.
817 4452 860 4523 2.,
890 4446 993 4511 etiam
1017 4445 1088 4510 sine
1118 4442 1283 4510 attributo
1312 4442 1392 4512 ibid.
1410 4448 1440 4511 5.
1462 4445 1504 4508 A.
1525 4449 1556 4506 2.
1587 4438 1638 4506 Of.
1659 4437 1786 4505 Weckl.
1811 4435 1854 4500 ad

153 4543 324 4610 Prometh.
341 4542 407 4609 900
429 4539 631 4626 (δυσπλάνοις
654 4535 756 4620 Ἥρας
779 4537 934 4612 ἀλατείαις
956 4537 1083 4618 πόνων).

442 4679 465 4719 v
491 4658 558 4722 590
579 4654 632 4718 τίν’
659 4655 695 4718 ἀν
719 4652 804 4717 θεῶν
828 4652 1069 4735 ἐνδικωτέροισιν

579 4743 750 4826 κεκλοίμαν
774 4742 913 4826 εὐλόγως
936 4742 983 4804 ἐπ’
1009 4744 1128 4827 ἔργοις;

579 4860 686 4899 -uu
712 4831 817 4914 πατὴρ
842 4834 1016 4916 φυτουργὸς
1040 4832 1186 4917 αὐτόχειρ
1211 4829 1299 4908 ἄναξ.

154 5042 268 5108 malim
293 4950 565 5127 g<{ipnpgicissime
590 4948 765 5013 Schwerdt
787 4946 937 5032 supplet:
970 4948 1101 5029 ἔστιδὲ,
1130 4945 1193 5010 nisi
1218 4945 1317 5031 quod,
1342 4949 1381 5008 ut
1404 4941 1447 5006 ad
1470 4940 1707 5028 explicandum
1730 4937 1852 5024 aptius,
