4122 5792
885 181 1016 278 Δ,

134 387 258 454 imbuti
289 389 442 454 homines
471 389 543 454 sive
572 390 838 478 rempublicam
862 393 934 457 sive
958 392 1105 458 fabulam
1130 390 1330 474 condebant,
1355 414 1467 457 nonne
1490 398 1649 478 poterant
1664 397 1724 457 aut
1740 390 1840 457 debe·

135 477 226 654 ήῳιὲύθ
227 500 295 632 nepa
296 478 471 632 1pqincipio
496 501 539 588 ae
556 479 781 590 ¹fundamento
797 481 848 545 uti
864 482 920 547 vel
936 481 978 546 ad
1002 481 1112 566 legem
1137 480 1348 546 scribendam
1364 479 1419 545 vel
1436 480 1479 545 ad
1502 480 1667 546 actionem
1692 481 1840 566 aliquam

295 716 328 761 v.
345 695 410 760 226
439 695 566 777 ὄρνιθος
590 699 672 779 όρνις
696 707 762 772 πῶς
786 699 822 761 ἂν
847 699 972 782 ἁγνεύοι
995 696 1119 781 cardia,
1144 698 1253 781 φαγιύν
1277 695 1480 761 vocabulum
1502 717 1571 760 non
1593 695 1694 760 nimis
1717 718 1837 782 urgen-

137 780 229 848 dum.
276 782 363 848 Nam
387 805 457 848 non
480 783 522 847 de
545 793 653 849 morte
676 785 888 850 Danaidibus
922 784 1099 850 inferenda
1133 786 1256 870 agitur,
1292 785 1351 850 sed
1374 784 1415 849 de
1445 785 1534 850 malo
1569 785 1680 870 aliquo
1715 785 1839 872 impor-

134 875 236 936 tando
260 870 307 937 ab
331 872 389 956 eis,
414 872 471 958 qui
493 872 662 960 praesidio
687 874 734 938 eis
758 896 831 939 esse
862 874 1040 941 debebant.
1087 875 1217 940 Malum
1244 873 1329 938 illud
1356 874 1554 939 vertebatur
1576 873 1611 938 in
1642 873 1839 962 virginitate

133 981 247 1024 earum
272 961 482 1048 decerpenda
504 961 641 1027 incestis
669 962 798 1051 nuptiis
822 964 1019 1050 maculaque
1043 963 1090 1028 eis
1119 960 1333 1050 imponenda,
1368 962 1512 1049 denique
1535 963 1571 1028 iu
1590 963 1625 1028 vi
1647 964 1836 1028 inferenda:

132 1059 199 1125 πῶς
221 1050 288 1114 aaa
311 1061 422 1136 γαμῶν
446 1055 586 1116 ἄκουσαν
611 1057 743 1130 ἄκοντος
765 1055 897 1138 πατρός;
967 1108 969 1113 ,

472 1177 536 1242 243
559 1177 670 1242 κλάδοι
693 1200 730 1262 γε
755 1181 810 1262 μὲν
835 1179 884 1262 δή,
908 1182 990 1243 κατὰ
1014 1180 1130 1263 νόμους
1153 1179 1340 1262 ἀφικτόρων,

556 1275 672 1331 κεῖνται
695 1271 771 1350 παρ’
795 1269 866 1352 ύμῖν
889 1272 970 1352 πρὸς
992 1269 1082 1344 θεοῖς
1105 1268 1247 1354 ἀγωνίοις

559 1359 654 1439 μόνον
677 1357 741 1422 τόδ’
767 1357 881 1434 Ἑλλὰς
903 1359 995 1444 χθὼν
1019 1357 1233 1435 ξυνοίσεται
1258 1358 1391 1444 στόχῳ.
1489 1383 1493 1395 ·

295 1480 412 1565 ,darin
435 1479 535 1545 allein
559 1480 643 1545 wird
668 1481 784 1546 Hellas
809 1482 915 1547 durch
939 1482 1154 1568 Vermutung
1178 1481 1241 1546 mit
1264 1482 1324 1546 der
1346 1481 1455 1546 Sache
1486 1481 1560 1562 (der
1583 1479 1835 1556 Wirklichkeit)

131 1568 450 1635 zusammentreffen
474 1569 503 1636 d.
523 1569 534 1632 i
561 1570 632 1634 dies
656 1570 757 1635 allein
780 1571 872 1636 kann
888 1572 944 1636 ein
960 1571 1104 1636 Grieche
1120 1593 1180 1636 aus
1197 1593 1297 1635 suren
1315 1570 1475 1656 Zweigen
1491 1569 1617 1654 richtig
1632 1568 1832 1636 schliellen.“

133 1657 222 1726 Wkl.
242 1658 288 1723 Et
311 1657 430 1723 similis
465 1659 615 1724 omnium
650 1659 897 1745 interpretatio.
933 1669 1167 1745 praeterquam
1196 1662 1285 1746 quod
1315 1659 1525 1726 emendando
1556 1659 1613 1723 alii
1637 1658 1703 1723 alia
1726 1671 1834 1723 muta-

131 1753 271 1830 verunt,
310 1747 438 1812 Bothe:
475 1748 659 1832 ξυνείσεται,
702 1749 817 1815 Herm.
848 1750 1028 1834 συνήσεται,
1073 1751 1205 1834 Burges
1245 1750 1408 1836 συνᾴσεται
1448 1754 1599 1834 (propter
1634 1749 1834 1834 συμφωνήσει

132 1836 354 1919 scholiastae),
389 1836 583 1905 scribentes.
630 1838 715 1903 Mihi
750 1839 886 1924 quidem
910 1840 1026 1916 Ἑλλὰς
1048 1839 1140 1926 χθών
1170 1859 1239 1904 non
1266 1839 1427 1925 subjecti,
1463 1839 1521 1902 sed
1556 1837 1742 1922 praedicati
1764 1839 1835 1903 vim

130 1925 254 1990 hebere
275 1924 420 2002 videtur,
444 1926 532 1991 hano
556 1928 692 2012 quidem
716 1949 788 1992 esse
812 1930 1032 1993 sententiam:
1059 1931 1098 1993 ln
1121 1928 1209 1992 hanc
1231 1935 1373 2014 partem,
1398 1949 1441 1994 so.
1460 1927 1550 2012 quod
1573 1948 1685 1992 ramos
1709 1926 1834 2013 suppli·

131 2037 207 2079 oum
237 2015 305 2080 ritu
329 2015 513 2102 deponunt,
538 2016 743 2100 conjectanti
765 2019 885 2104 (στόχῳ
910 2017 1138 2104 conjecturae,
1168 2018 1258 2102 quod
1288 2017 1377 2082 idem
1402 2039 1441 2081 ao
1465 2017 1705 2104 στοχαζομὲνῳ)
1731 2015 1834 2080 Grae·

131 2126 244 2170 eorum
261 2111 351 2169 terra
374 2105 563 2170 assimulari
578 2106 750 2171 videbitur
766 2107 898 2191 (Futur.
917 2107 976 2171 der
992 2129 1035 2171 zu
1057 2107 1305 2192 gewinnenden
1321 2105 1539 2189 Erkenntnis,
1564 2106 1606 2172 K.
1627 2105 1681 2173 W.
1698 2105 1835 2190 Krfiger

132 2194 195 2281 1.§
218 2197 271 2260 53.
290 2197 321 2263 7.
343 2196 383 2260 A.
405 2198 456 2276 L),
492 2195 718 2281 comparando
742 2195 886 2281 eveniet,
919 2197 1125 2262 Graecorum
1153 2217 1262 2261 mores
1292 2203 1527 2282 agnoscentur,
1562 2194 1698 2281 proprie
1730 2195 1833 2260 Grae-

130 2305 246 2348 corum
271 2284 439 2349 terreae
466 2285 551 2348 ritus
580 2285 759 2350 conveniet
783 2290 872 2368 (oum
897 2308 1013 2351 earum
1036 2287 1126 2363 ritu).
1174 2286 1271 2350 Idem
1302 2285 1449 2351 voluisse
1473 2284 1691 2350 scholiastam
1715 2284 1835 2371 opinor

130 2371 300 2449 ξυνοίσεται
315 2395 321 2436 :
340 2373 543 2458 συμφωνήσει
566 2373 802 2460 explicantem.
850 2375 1043 2440 Secundum
1068 2375 1202 2440 solitam
1226 2374 1540 2460 interpretationem
1555 2396 1625 2439 non
1640 2373 1750 2459 video,
1775 2395 1834 2438 cur

131 2461 237 2546 magis
262 2461 466 2528 Graecorum
491 2472 580 2528 terra
604 2485 705 2548 quam
736 2463 934 2550 simpliciter
955 2488 998 2542 τις
1028 2463 1174 2550 subjecti
1200 2465 1274 2530 loco
1302 2470 1457 2552 ponatur.
1503 2464 1591 2528 Nam
1615 2481 1725 2548 aquo
1755 2483 1831 2527 cou-

129 2551 258 2636 jectura
281 2551 443 2638 capiatur.
468 2553 650 2618 dummodo
674 2575 755 2618 vera
778 2554 833 2634 sit,
856 2553 942 2618 nihil
964 2553 1077 2619 refert.

415 2700 448 2744 v.
465 2679 531 2744 245
555 2680 580 2742 εἰ
605 2680 649 2764 μή
673 2680 802 2762 παρόντι
826 2681 971 2766 φθόγγος
993 2681 1032 2764 ήν
1057 2682 1074 2743 ό
1099 2690 1259 2764 σημανῶν.

287 2803 407 2867 Potest
429 2779 558 2887 παρόντι
582 2803 623 2867 ad
649 2805 698 2888 ήν,
722 2810 837 2890 potest
852 2804 895 2868 ad
919 2815 1068 2890 σημανῶν
1085 2804 1209 2870 referri.
1245 2804 1656 2890 Hoeoontraplerosque‚
1674 2803 1830 2868 siminus

133 2912 259 2974 omnes,
283 2892 437 2977 praefero
464 2892 549 2977 „nisi
572 2915 691 2958 vocem
715 2893 885 2958 haberetis
909 2895 951 2958 ad
975 2917 1045 2958 rem
1069 2893 1239 2979 praesenti
1262 2892 1510 2959 indicandam“.

287 3048 319 3090 v.
336 3028 402 3092 266
427 3026 516 3092 Olim
540 3048 602 3113 pro
626 3034 783 3114 corrupto
809 3037 949 3113 μηνεῐται
973 3027 1104 3094 Weckl.
1123 3037 1241 3112 μηνῖτις
1264 3026 1416 3111 canecit,
1440 3049 1531 3093 nuno
1555 3028 1699 3113 μητρυιά.
1739 3026 1829 3090 Illud

127 3120 298 3199 praestare
322 3114 404 3179 mihi
427 3115 572 3181 videtur.

324 3263 355 3306 ν.
372 3241 526 3307 274-75
551 3241 693 3328 Ἀργεῖαι
717 3242 808 3327 γένος
832 3243 1063 3329 ἐξευχόμεσθα.

286 3364 379 3444 Quae
403 3372 455 3430 est
478 3367 670 3432 structure?
715 3367 852 3455 Triplex
876 3369 963 3433 ratio
987 3367 1136 3433 offertur.
1184 3369 1272 3436 Aut:
1293 3369 1443 3452 Argivae
1461 3368 1552 3452 (cum
1569 3367 1697 3451 simus),
1721 3389 1828 3452 genus

125 3460 279 3519 nostrum
308 3455 551 3542 praedicamus.
593 3456 644 3522 of.
661 3479 693 3522 v.
710 3458 776 3523 ‘272
798 3457 890 3544 γένος
914 3460 951 3522 ἂν
976 3458 1128 3543 ἐξεύχοιο.
1163 3463 1251 3521 Aut:
1277 3457 1427 3542 Argivae
1455 3479 1532 3522 cum
1558 3479 1682 3541 genere
1714 3457 1826 3529 simus,

126 3542 190 3607 hoc
212 3542 418 3629 gloriamur.¹
453 3547 524 3610 Aut
539 3545 705 3630 denique:
738 3547 886 3633 Argivas
913 3568 975 3612 nos
1007 3569 1080 3610 esse
1114 3567 1236 3632 genere
1270 3547 1463 3633 gloriamur.
1511 3545 1634 3610 Omissi
1669 3545 1829 3610 infinitivi

36 3693 41 3703 ‚
125 3631 221 3696 verbi
256 3633 426 3698 auxiliaris
462 3636 654 3722 exemplum
688 3635 777 3700 infra
799 3659 832 3702 v.
849 3638 915 3704 313
946 3635 1131 3701 invenitur:
1167 3636 1212 3713 τίς
1235 3640 1290 3701 ούν
1315 3637 1331 3701 ό
1355 3635 1428 3712 Δῖος
1461 3638 1568 3720 πόρτις
1591 3639 1716 3721 εὔχεται
1740 3636 1827 3722 βούςς

125 3720 176 3786 Ne
193 3742 213 3785 a
229 3722 341 3788 soluta
362 3723 497 3808 quidem
522 3725 684 3804 oratione,
710 3747 901 3810 quanquam
926 3725 1049 3800 durior,
1074 3725 1158 3790 haec
1181 3725 1308 3812 ellipsis
1332 3725 1450 3792 aliena.
1498 3721 1828 3790 of.sta11baumium

124 3809 166 3873 ad
189 3811 277 3876 Plat.
294 3813 378 3898 Lag.
395 3815 470 3879 672.
509 3813 548 3880 E.
573 3815 722 3899 γενέσθαι
747 3818 840 3879 αὐτόν
865 3815 998 3900 θηλείας
1022 3816 1220 3900 μετασχόντα
1244 3816 1369 3899 φύσεως
1392 3817 1563 3900 ἀναγκαῖον
1587 3815 1700 3896 (εἶναι),
1730 3815 1825 3878 Dem.

124 3899 211 3966 Phil.
230 3903 255 3967 l.
274 3905 315 3966 41
333 3904 386 3966 καί
402 3904 499 3987 ὑμεῖς,
522 3905 558 3968 ἂν
576 3905 608 3968 ἐν
622 3904 820 3990 Χερσονήσῳ
836 3905 991 3989 πύθησθε
1003 3905 1169 3980 Φίλιππον,
1187 3906 1290 3969 ἐκεῖσε
1307 3905 1440 3990 βοηθεῖν
1459 3903 1656 3987 ψηφίζεσθε;
1681 3901 1825 3988 saepius,

124 3988 222 4053 Hanc
245 3990 399 4071 equidem
423 4013 553 4076 sequor.

406 4139 439 4182 v.
456 4119 521 4183 283
544 4118 686 4202 Κύπριος
708 4121 878 4206 χαρακτήρ
901 4123 928 4183 τ’
953 4121 984 4184 ἐν
1007 4119 1190 4204 γυναικείοις
1212 4121 1318 4194 τύποις

549 4210 641 4284 εἰκὼς
663 4209 840 4293 πέπληκται
862 4211 1013 4274 τεκτόνων
1037 4212 1118 4291 πρός
1142 4209 1292 4292 ἀρσένων.

284 4331 369 4396 Cum
404 4333 584 4418 χαρακτήρ,
619 4333 685 4398 nisi
719 4332 848 4417 similis,
883 4333 996 4398 nullus
1032 4333 1086 4415 sit,
1122 4333 1214 4406 εἰκύς
1248 4330 1394 4396 otiosum
1423 4329 1567 4397 videtur.
1615 4329 1822 4395 Praeferrem

124 4431 242 4504 σαφῶς,
268 4419 327 4484 sed
351 4420 569 4506 diplomatica
592 4423 722 4488 ratione
746 4423 913 4488 adductus
937 4445 1005 4488 non
1028 4443 1189 4508 propone.

410 4567 442 4610 v.
459 4549 524 4614 319
546 4551 582 4611 τό
607 4551 770 4632 πάνσοφον
794 4562 847 4614 νῦν
872 4553 972 4633 ὄνομα
994 4547 1087 4610 τοῦτό
1112 4567 1163 4630 μοι
1186 4546 1319 4629 φράσον.

282 4681 323 4744 In
348 4679 400 4745 his
428 4680 579 4766 plerique
614 4682 838 4748 offenderunt.
885 4683 1027 4766 Burges‚
1064 4681 1153 4765 quod
1177 4681 1342 4764 πάνσοφον
1367 4684 1468 4766 ὄνομα
1491 4678 1522 4742 ei
1545 4678 1752 4761 displicebat,
1786 4681 1821 4744 τό

121 4779 183 4832 πᾶν
201 4772 301 4853 σαφὲς
315 4769 460 4856 scripsit,
479 4769 605 4835 Sohiitz
621 4775 656 4836 τό
674 4784 736 4837 πᾶν
755 4783 872 4856 σαφῶς,
896 4771 1007 4836 Bothe
1019 4774 1055 4835 τὸ
1074 4782 1270 4854 πανσαφούν,
1292 4768 1349 4833 alii
1364 4769 1438 4834 alia.
1471 4767 1601 4834 Weckl.
1619 4767 1823 4833 sententiam

120 4864 212 4922 recte
235 4858 420 4945 explicans:
458 4859 517 4924 das
540 4860 587 4925 ist
608 4861 718 4946 gewill
742 4861 797 4926 ein
820 4884 907 4944 ganz
931 4860 1050 4925 weiser
1073 4863 1206 4925 Manus
1229 4859 1374 4924 welches
1405 4859 1451 4922 ist
1481 4857 1553 4922 sein
1576 4857 1715 4940 Namel,
1745 4879 1823 4922 cum

121 4946 164 5010 ad
181 4946 283 5033 Soph.
304 4947 340 5016 Ο.
360 4949 397 5017 0.
413 4952 455 5016 41
480 4958 633 5016 revocat:
658 4952 747 5017 τίνων
762 4955 798 5015 τό
822 4955 935 5036 σεμνὸν
952 4954 1053 5034 ὄνομα
1079 4951 1115 5013 ἂν
1140 4949 1290 5034 εὐξαίμην
1314 4949 1418 5012 κλύων
1439 4946 1624 5031 adicitque:
1656 4967 1735 5022 ‚von
1757 4946 1822 5011 den

122 5035 277 5102 Semnen‘
303 5041 477 5123 πάνσοφον,
513 5038 601 5105 sicut
625 5040 691 5122 alii,
716 5041 920 5105 attributum
949 5039 991 5105 ad
1022 5043 1123 5123 tropa
1147 5048 1181 5103 et
1203 5059 1264 5124 pro
1287 5041 1322 5100 τό
1358 5038 1529 5130 πανσόφου,
1558 5039 1659 5120 ὄνομα
1693 5035 1821 5100 dictum
