4122 5792
864 217 993 316 mli

117 452 192 494 cum
224 430 325 517 φόβου
392 431 473 511 πρός
495 428 779 516 conjungendum.
828 429 1055 495 Confirmatur
1082 429 1165 494 haec
1195 428 1281 493 ratio
1311 417 1568 513 insequentibus
1596 428 1724 496 verbis:
1760 433 1819 495 οὐκ

116 521 256 604 εὔκριτον
285 523 321 582 τὸ
349 529 457 603 κρῖμα.
505 519 593 583 Nam
616 526 747 584 rectum
770 518 948 584 decernere
971 540 1038 583 non
1063 517 1161 583 facile
1185 524 1246 599 est,
1271 517 1370 582 facile
1394 518 1483 602 quod
1507 540 1527 582 a
1550 518 1622 583 deis
1645 518 1817 605 probatur,

117 607 206 692 quod
229 608 322 692 leges
346 607 481 672 divinae
505 607 688 694 postulant.

275 733 342 797 404
365 732 442 810 Ζεὺς
465 733 567 816 νέμων
591 734 720 809 εἰκότως
742 734 835 797 ἀδικα
860 735 915 819 μὲν
938 743 1060 816 κακοῖς,
1091 735 1161 797 όσια
1185 733 1355 818 δἐννόμοις
1385 731 1569 797 insolenter
1596 740 1649 797 est
1678 733 1818 802 dictum.

275 839 363 904 Nam
387 841 480 904 ἄδικα
507 879 544 888 -
571 843 641 904 όσια
664 840 775 926 νέμειν,
801 840 891 926 quod
908 839 1052 922 videam,
1077 839 1262 923 significat:
1287 837 1519 904 testimonium
1534 839 1661 925 injuste
1678 839 1760 906 facti
1776 879 1818 887 -

117 929 171 1015 pie
194 928 278 994 facti
299 928 400 994 alicui
423 928 571 993 tribuere
595 928 649 994 die
673 930 930 1016 Anerkennung
952 928 1177 1015 ungereohter
1198 965 1243 976 -
1265 927 1426 993 frommer
1440 927 1746 1014 Handlungsweise
1769 952 1819 994 er-

117 1017 229 1101 teilen,
253 1017 456 1083 zukommen
479 1018 599 1084 lassen.
635 1018 729 1083 Haec
751 1018 817 1083 nisi
840 1019 889 1083 ita
912 1017 1195 1104 intellegeremus,
1220 1016 1382 1103 Juppiter
1396 1017 1498 1102 νέμων
1516 1020 1608 1084 ἄδικα
1631 1017 1820 1104 injustitiae

117 1115 323 1193 argueretur.

274 1235 340 1300 407
365 1233 412 1296 δεῖ
435 1233 599 1316 φροντίδος
622 1232 790 1317 σωτηρίου,
826 1233 915 1318 δίκην
949 1234 1201 1320 κολυμβητῆρος,
1238 1234 1280 1309 εἰς
1303 1233 1403 1319 βυθόν
1427 1234 1544 1317 μολεῖν.
1591 1234 1642 1297 De
1672 1232 1820 1319 imagine

117 1321 419 1497 φφιιβθίβδφγέφρίιβγ)
447 1321 502 1492 ἓιὸο)
537 1321 748 1387 Gleichnisse
784 1322 842 1386 des
876 1321 1077 1407 Aeschylus
1118 1321 1301 1407 Sophocles
1340 1344 1372 1387 u.
1400 1321 1579 1408 Euripides
1614 1322 1821 1406 Klagent'urt

275 1546 341 1611 412
365 1546 541 1630 ὅπως-μὴ
566 1546 654 1628 δῆρις
678 1545 791 1628 ῥυσίων
816 1545 982 1629 ἐφάψεται.
1024 1541 1204 1622 Quaeritur
1226 1544 1316 1609 unde
1339 1544 1519 1629 genetivus
1542 1545 1699 1631 pendeat.
1740 1543 1819 1610 Wk.

117 1656 193 1699 cum
218 1635 374 1718 ἐφάψεται
405 1632 553 1698 conectit
587 1647 622 1697 et
657 1635 770 1717 ῥυσίων
806 1635 1004 1717 ἐφάπτεσθαι
1039 1634 1183 1720 praedae
1210 1631 1267 1699 vel
1299 1633 1434 1720 pignori
1469 1656 1603 1699 manum
1640 1633 1820 1700 admovere

117 1723 295 1810 intellegit.
342 1722 501 1787 Fortasse
525 1728 625 1789 recte.
673 1723 739 1788 Sed
768 1730 882 1808 potest
909 1724 1011 1787 etiam
1042 1745 1119 1787 cum
1150 1725 1237 1807 δῆρις
1267 1724 1417 1788 construi
1440 1730 1475 1788 et
1503 1745 1688 1810 pronomen
1716 1725 1819 1808 (ἐμοῦ,

116 1814 221 1897 ἡμῶν)
244 1813 285 1878 ad
311 1812 508 1896 ἐφάπτεσθαι
532 1811 696 1898 suppleri:
721 1812 773 1876 Ne
797 1819 968 1877 certamen
991 1811 1142 1900 pignoris
1166 1833 1227 1877 nos
1252 1811 1410 1897 attingat.

276 1969 308 2012 v.
325 1948 392 2011 434
413 1947 489 2010 τάδε
513 1949 599 2010 παισί
590 1946 706 2031 ιμένει
731 1946 856 2012 ἐκτίνειν
886 1947 997 2031 ὁμοίαν
1026 1947 1128 2033 θέμιν.
1175 1947 1382 2011 Monendum
1414 1946 1468 2011 hic
1496 1947 1580 2013 duos
1609 1946 1820 2011 accusativos

117 2035 316 2122 conjunctos
352 2056 434 2110 esse,
471 2035 550 2120 quia
582 2034 671 2101 τίνειν
697 2059 724 2100 τι
759 2042 794 2100 et
828 2035 956 2136 aliquid
991 2036 1121 2100 solvere
1156 2043 1191 2100 et
1224 2057 1285 2120 pro
1309 2057 1394 2100 res.
1416 2035 1593 2121 significat.
1642 2036 1820 2100 Praeterea

119 2147 263 2210 zeugma
279 2124 448 2209 quoddam
463 2134 507 2210 τῷ
531 2125 656 2191 ἐκτίνειν
680 2124 859 2203 contineri3
887 2147 965 2189 narn
989 2126 1076 2190 τίινεν
1100 2124 1251 2211 patiendi
1275 2125 1343 2190 vim
1368 2125 1482 2208 habet,
1507 2125 1683 2190 audiendis
1707 2133 1821 2189 autem

118 2209 308 2301 supplicum
342 2213 498 2314 precibus
534 2214 692 2299 deosque,
728 2235 811 2299 quos
845 2177 1039 2299 implorant
1074 2214 1222 2280 verendo
1256 2237 1316 2278 rex
1350 2212 1529 2279 efficit-
1566 2215 1650 2279 haec
1685 2211 1818 2299 quidem

118 2303 311 2368 Danaidum
328 2301 504 2389 opinio-
531 2313 572 2368 ut
587 2302 660 2389 eJ'us
676 2303 803 2389 posteri
821 2303 900 2368 boni
916 2303 1058 2390 alicujus
1078 2301 1260 2390 participes
1276 2303 1370 2380 fiant,
1395 2303 1543 2368 fructum
1566 2301 1820 2388 mercedemque

117 2393 315 2480 percipiant

276 2519 340 2584 4³7
364 2519 440 2582 τάδε
464 2519 583 2602 φράσαι
575 2518 711 2582 δίκαια
731 2519 843 2583 Διόθεν
863 2520 978 2602 κράτη.
1026 2518 1156 2582 Weckl
1178 2518 1295 2582 vertit:
1325 2517 1512 2617 Beberzige
1533 2517 1641 2582 dieses
1662 2518 1820 2604 geraehte

118 2607 253 2675 Walten
278 2629 347 2673 von
370 2607 476 2671 seiten
502 2607 560 2671 des
583 2607 686 2689 Zeus3
722 2614 802 2672 sunt
836 2616 950 2673 autem
972 2609 1057 2679 τάδε,
1094 2629 1178 2691 quae
1213 2607 1366 2719 proximo
1402 2605 1573 2690 superiore
1607 2611 1707 2673 versu
1730 2607 1823 2672 edita

117 2705 227 2762 erant:
252 2699 339 2761 παισί
362 2697 437 2760 τάδε
461 2698 513 2761 καὶ
538 2697 645 2780 δόμοις
668 2697 751 2781 μένει
776 2697 911 2764 ἐκτίνειν.
947 2695 1022 2780 Ego
1047 2697 1150 2761 δίκαια
1173 2698 1275 2781 κράτη
1300 2695 1529 2782 praedicative
1553 2695 1644 2762 dicta
1665 2696 1821 2762 existimo

118 2794 152 2852 et
175 2809 236 2873 per
270 2785 518 2872 appositionem
546 2787 588 2850 ad
617 2788 693 2851 τάδε
729 2785 898 2864 adJuncta.
945 2786 1090 2870 Erw‘age
1119 2786 1191 2849 dies
1226 2786 1276 2850 als
1311 2785 1370 2850 das
1406 2785 1565 2886 gerechte
1589 2779 1668 2852 Wal
1655 2783 1728 2850 lten
1762 2783 1821 2851 des

117 2877 214 2941 Zeus.
254 2876 326 2939 Nec
348 2875 432 2939 haec
457 2873 538 2938 mihi
561 2872 698 2941 videtur
718 2874 886 2940 sententia
902 2875 1105 2951 Danaidum,
1129 2882 1168 2939 ut
1190 2875 1278 2939 hano
1294 2873 1392 2939 Jovis
1415 2874 1559 2960 legem
1550 2897 1643 2960 1psae
1666 2874 1821 2977 probent,

119 2966 176 3030 sed
203 2987 289 3050 quae
313 2986 332 3028 a
355 2964 444 3029 Jove
464 2964 559 3049 justa
581 2963 772 3029 habeantur
795 2964 975 3029 declarent.
1022 2965 1144 3066 ltaque
1179 2964 1282 3028 δίκαια
1316 2965 1418 3050 κράτη
1443 2986 1512 3029 non
1542 2965 1638 3049 justa
1671 2965 1820 3042 numina,

114 3055 208 3139 J'uste
232 3053 427 3133 constituta,
451 3053 611 3138 geraehte
634 3052 927 3139 Bestimmungen‚
952 3053 1037 3118 sed
1024 3055 1110 3140 Juris
1134 3053 1404 3136 constitutiones
1426 3052 1512 3139 juris
1528 3054 1601 3119 loco
1626 3053 1820 3129 constituta,

117 3103 523 3228 Rechtsbestimmdngen
556 3142 718 3227 intellego
754 3144 869 3229 (κράτη
902 3143 1106 3208 machtvolle
1130 3141 1434 3227 Bestimmu'ngen).
1472 3141 1568 3207 Conf.
1593 3165 1694 3230 supra
1717 3143 1759 3207 ad
1784 3147 1821 3208 οὐ

118 3233 245 3308 δικαίοις
266 3233 371 3317 λόγοις
394 3231 509 3308 Ζεὺςέ
512 3231 629 3309 νέξεται
654 3235 728 3300 168

277 3368 343 3432 438
356 3388 403 3450 sq
428 3368 482 3429 καί
506 3367 545 3449 δὴ
570 3366 776 3451 πέφρασμαι·
802 3368 897 3451 δευρο
922 3367 1159 3444 δ’ἐξοκέλλεται.

431 3457 451 3540 ἢ
475 3464 572 3520 τοῖσιν
596 3456 617 3540 ἢ
640 3465 706 3532 τοῖς
728 3457 867 3541 πόλεμον
892 3457 1043 3539 αἴρεσθαι
1068 3456 1177 3540 μέγαν,

430 3548 506 3608 πᾶσ’
530 3547 593 3608 ἐστ’
618 3547 758 3630 ἀνάγκη·
783 3547 835 3609 καί
859 3545 1060 3631 γεγόμφωται
1085 3546 1209 3628 σκάφος

431 3633 607 3721 στρέβλαισι
631 3643 819 3698 ναυτικαῖσιν
845 3635 887 3711 ὡς
910 3634 1144 3720 προσηγμένον.

277 3757 372 3822 Haeo
395 3765 546 3822 extrema
569 3758 673 3823 verba
695 3758 847 3845 plerique
871 3760 914 3824 ad
949 3768 1154 3823 structuram
1177 3757 1274 3823 navis
1309 3759 1462 3824 referunt
1495 3779 1558 3823 nec
1592 3757 1821 3834 offenduntur,

119 3845 208 3932 quod
232 3847 335 3933 paulo
359 3854 437 3911 ante
460 3846 689 3933 navigationis
714 3848 937 3931 (ἐξοκέλλεται)
961 3849 1075 3934 imago
1098 3855 1337 3935 praecesserat.
1384 3847 1469 3913 Cum
1504 3851 1673 3912 structura
1708 3853 1822 3912 autem

119 3936 199 4022 quia
236 3936 461 4022 προσηγμένον
500 3937 705 4002 vocabulum
742 3959 862 4022 parum
900 3937 1058 4019 concinit,
1099 3946 1179 4002 sunt
1217 3936 1275 4021 qui
1311 3937 1377 4002 hoc
1414 3935 1631 4018 mutaverint,
1672 3935 1823 4019 Scaliger

119 4025 345 4111 προσηρμένον
375 4025 533 4110 scribens,
566 4048 665 4112 quem
689 4026 804 4091 Herm.
822 4027 982 4112 sequitur,
1008 4025 1139 4094 Weckl.
1161 4023 1459 4113 προσπεπηγμένον.
1506 4023 1576 4089 Alii
1598 4024 1822 4110 προσηγμένον

118 4115 209 4180 idem
227 4136 300 4180 esse
315 4115 446 4198 volunt,
471 4115 560 4200 quod
585 4115 790 4201 συνηγμένον,
815 4115 904 4200 quod
920 4115 994 4180 fieri
1009 4138 1077 4180 non
1093 4124 1216 4200 potest.
1263 4115 1349 4180 Mihi
1365 4113 1501 4200 quidem
1516 4114 1654 4179 minimo
1670 4113 1820 4196 dubium,

120 4204 203 4290 quin
225 4203 261 4268 in
285 4204 403 4269 eadem
425 4204 573 4290 imagine
597 4213 698 4290 poeta
721 4203 843 4289 perstit
830 4205 909 4269 terit
932 4227 1133 4289 cursumque
1155 4205 1253 4270 navis
1277 4204 1389 4268 animo
1413 4202 1632 4268 informatum
1654 4201 1821 4268 habuerit.

118 4292 258 4359 Navis
248 4315 284 4358 m
307 4292 415 4358 altum
438 4293 580 4380 abrepta
601 4317 692 4358 nunc
715 4294 758 4358 ad
783 4303 906 4359 terram
930 4293 1033 4358 affixa
1057 4304 1091 4358 et
1114 4293 1298 4359 constricta
1314 4299 1375 4360 est.
1422 4292 1591 4380 Στρέβλαις
1611 4313 1695 4378 opus
1717 4291 1822 4357 fuisse

122 4383 260 4449 videtur
282 4383 325 4447 ad
348 4405 471 4448 navem
495 4383 781 4448 subducendam
772 4406 808 4448 ιιι
830 4390 973 4484 tutoque
997 4382 1237 4464 collocandam,
1267 4381 1371 4446 clavis
1393 4405 1454 4468 per
1478 4392 1613 4447 catenas
1640 4381 1822 4468 laqueosve

119 4471 326 4537 transmissis
349 4472 386 4536 in
409 4472 565 4556 soloque
561 4470 627 4536 vel
650 4493 848 4573 quacunque
871 4473 965 4538 inre
988 4471 1085 4535 firma
1109 4479 1144 4536 et
1165 4470 1330 4536 immobili
1358 4471 1477 4536 defixis
1501 4472 1541 4536 ad
1573 4463 1820 4536 stabiliendam.

122 4561 267 4626 Rectam
289 4561 404 4648 potius
428 4561 519 4626 viam
542 4562 671 4648 priores
706 4563 855 4626 tenuisse
890 4560 1059 4642 videntur,
1094 4560 1226 4646 Burges
1261 4560 1445 4626 admonens
1470 4560 1511 4624 de
1534 4561 1680 4624 auctoris
1703 4559 1823 4625 incerti

120 4651 209 4737 apud
233 4651 454 4715 Plutarchum
478 4651 638 4716 disticho:

545 4796 620 4861 νανς
644 4786 687 4860 ὥς
707 4807 751 4860 τις
773 4785 810 4848 ἐκ
834 4787 889 4869 μὲν
912 4794 971 4870 γης
994 4783 1165 4870 ἀνήρτηται
1188 4784 1330 4871 βρόχοις·

545 4873 621 4939 Πνεῐ
644 4874 779 4957 δὀὖρος,
804 4873 879 4958 ἡμῖν
903 4875 1071 4960 δ’ἐγκρατῆ
1095 4877 1134 4937 τά
1156 4874 1322 4958 πείσματα,

124 4997 295 5064 Wellauer
328 4996 569 5084 interpretans:
606 4998 673 5062 huc
702 4996 834 5084 appulit
868 4997 1045 5064 consilium
1072 5005 1225 5064 nostrum
1246 4997 1385 5084 jamque
1408 4995 1512 5062 clavis
1547 4995 1653 5062 fixum
1687 5004 1748 5073 est,
1784 5005 1823 5062 ut

120 5086 218 5153 navis
246 5085 408 5171 cylindris
437 5085 594 5152 nauticis*
613 5086 787 5174 imposita,
823 5085 945 5172 quibus
980 5086 1111 5152 accedit
1138 5086 1228 5153 Weil
1262 5084 1394 5172 „Olavis
1430 5091 1606 5172 compacta
1640 5092 1692 5151 est
1726 5087 1822 5171 quasi
