4122 5792
1036 197 1246 294 Aa„

449 408 607 474 Ceterum
639 408 857 473 confirmatur
884 409 948 472 hac
975 407 1214 476 distributione
1243 408 1434 491 Aeschylea
1461 405 1593 472 numeri
1621 405 1676 471 lex
1700 406 1789 470 ultra
1814 405 1991 470 duodecim

288 497 467 563 choreutas
491 519 665 582 nunquam
689 497 893 564 excedentis,
929 497 982 562 of.
999 497 1129 563 Weckl.
1147 497 1170 566 l.
1186 497 1209 563 l.
1225 521 1258 582 p.
1275 499 1350 564 217.

445 624 512 692 836
537 624 650 688 σοῦσθ’
677 625 726 688 ἐπὶ
750 623 838 710 βᾶριν
864 626 949 700 ὅπως
970 625 1088 689 ποδῶν.

536 715 652 778 ούκοῦν
678 715 793 778 ούκούν
816 713 916 797 τιλμοὶ
939 713 1039 799 τιλμοὶ
1062 714 1115 777 καὶ
1140 712 1271 799 στιγμοί.

443 837 576 904 Weckl.
594 840 722 903 ὀύκοῦν
752 859 800 922 sq.
831 845 866 902 in
897 840 999 903 ὀκνεῖν
1029 838 1134 923 τιλμύν
1163 837 1320 902 mutavit.
1360 837 1437 901 Non
1465 835 1582 922 probo.
1621 836 1708 901 Nam
1736 858 1813 900 oum
1841 835 1991 921 virgines

287 934 488 992 cunctentur
515 927 656 1014 imperio
686 927 932 1014 obtemperare,
967 926 1142 1013 aptissime
1171 947 1302 1012 praeco,
1332 925 1513 1012 impatiens
1543 931 1577 989 et
1600 924 1739 1010 indigue
1763 929 1885 1008 ferens,
1910 925 1992 1009 quid

288 1040 329 1082 ex
352 1017 415 1082 hac
439 1017 652 1082 contumacia
675 1023 887 1100 eventurum,
912 1017 994 1102 quid
1017 1015 1098 1081 mali
1121 1015 1187 1081 sibi
1208 1014 1381 1102 pariturae
1404 1015 1473 1080 sint
1496 1021 1620 1080 monet.

447 1141 608 1207 Summae
632 1139 851 1208 difficultates
879 1164 942 1207 neo
973 1140 1108 1207 omnino
1138 1163 1214 1206 cum
1239 1140 1411 1207 evidentia
1432 1139 1597 1206 levandae
1621 1145 1699 1226 post
1721 1140 1788 1205 848
1811 1138 1990 1221 exsistunt,

287 1230 493 1316 quia'etiam
514 1252 736 1318 personarum
759 1230 934 1296 distinctio
958 1231 994 1295 in
1017 1230 1158 1295 dubium
1181 1230 1286 1297 venit.

445 1354 559 1422 Verba
582 1359 648 1425 858
672 1379 718 1441 sq.
746 1361 849 1442 ἀγειος
873 1358 935 1442 ἐγὼ
960 1357 1140 1444 βαθυχαῖος

746 1445 900 1531 βαθρείας
924 1445 1077 1532 βαθρείας
1099 1445 1205 1531 γέρον,

288 1593 373 1656 quae
401 1569 513 1636 verbis
542 1572 608 1638 849
637 1593 684 1656 sq.
710 1572 830 1636 κελεύω
855 1571 907 1658 βία
932 1570 1091 1656 μεθέσθαι
1120 1573 1199 1656 ἴχαρ
1225 1568 1312 1653 φρενί
1335 1576 1360 1632 τ’
1387 1573 1472 1654 ἄταν,
1497 1577 1587 1632 recte
1611 1590 1632 1632 a
1654 1567 1865 1634 Weckleinio
1889 1568 1991 1634 choro

287 1660 435 1738 tributio,
459 1661 675 1747 respondent,
701 1659 737 1724 in
760 1662 850 1724 hunc
873 1660 1012 1725 modum
1036 1659 1161 1724 scribo:

713 1789 817 1870 ἄγειος
840 1788 905 1871 ἔχω
930 1787 1110 1873 βαθυχαῖος

714 1875 897 1962 βρετέων,*)
920 1875 1025 1960 γέρον,
1051 1877 1154 1958 ἕδρας.

446 2000 665 2085 Relinquitur
687 2006 802 2064 tamen
824 2019 1040 2065 numerorum
1058 1999 1284 2085 discrepantia
1307 1999 1342 2063 in
1366 1998 1513 2064 secundo
1537 1999 1622 2085 pede
1645 1997 1746 2084 primi
1761 2020 1889 2082 versus,
1914 2021 1991 2063 cum

288 2089 409 2175 longae
434 2112 458 2154 ω
483 2088 645 2174 strophici
667 2111 786 2154 versus
819 2089 927 2154 brevis
956 2089 1089 2174 syllaba
1119 2112 1153 2165 ος
1179 2088 1393 2175 respondeat,
1423 2110 1524 2172 quem
1548 2087 1859 2152 dissimilitudinem
1881 2087 1990 2174 primo

288 2179 446 2266 strophae
475 2179 640 2244 vocabulo
668 2181 790 2244 κελεύω
819 2179 982 2244 mutando
1010 2178 1195 2244 tollendam
1226 2177 1355 2260 censui,
1387 2200 1463 2241 oum
1487 2176 1570 2240 illud
1595 2176 1786 2264 explicandi
1810 2199 1910 2241 causa
1934 2177 1990 2240 alii

286 2269 452 2334 vocabulo
477 2267 698 2334 substitutum
723 2290 795 2334 esse
818 2277 944 2354 posset.
984 2270 1079 2354 Lego
1102 2268 1221 2354 igitur:

622 2429 687 2495 Str.
714 2432 796 2494 ἔοικε
821 2429 888 2516 βίας
913 2453 948 2494 σε
972 2430 1132 2514 μεθέσθαι
1380 2510 1386 2520 ι

711 2518 857 2606 ἵχαρ,**)
883 2523 997 2603 φρενὸς
1021 2523 1107 2585 ἄταν.
1133 2517 1230 2604 (haec
1254 2524 1405 2582 extrema
1429 2517 1614 2582 secundum
1628 2516 1772 2600 Weckl.)

447 2680 600 2764 (Poterat
624 2678 727 2744 etiam
750 2679 867 2744 scribi:

819 2806 908 2870 δοκεῖ
932 2829 967 2870 σε
991 2805 1075 2890 βίαια
1099 2805 1268 2889 μεθέσθαι,

817 2898 896 2980 ἴχαρ
921 2898 1035 2978 φρενὸς
1059 2895 1215 2980 αἰσχρόν.)

604 3057 684 3121 Ant.
711 3059 815 3140 ἄχειος
838 3057 903 3140 έχω
928 3055 1107 3141 βαθυχαῖος

711 3145 855 3230 βρετέων,
879 3145 985 3229 γέρον,
1010 3146 1113 3228 ἕδρας.

443 3297 656 3362 Vocabulum
680 3300 793 3382 ἄχειος,
818 3297 908 3381 quod
931 3296 1082 3382 plerique
1104 3305 1300 3382 corruptum
1316 3301 1490 3382 putarunt,
1515 3295 1600 3359 bene
1618 3317 1652 3360 se
1669 3295 1781 3360 habet.
1815 3296 1879 3360 Est
1896 3297 1986 3359 enim

284 3384 373 3450 idem
392 3386 481 3470 quod
497 3386 640 3451 extorris
665 3386 857 3469 (extemis),
882 3386 977 3450 exsul
1001 3386 1055 3471 (ex
1072 3386 1166 3470 solo).
1209 3385 1381 3470 „Exterris
1405 3392 1504 3449 teneo
1529 3385 1782 3450 simulacrorum
1800 3385 1896 3449 sedes
1914 3385 1986 3449 sive

284 3496 361 3539 arae
384 3474 520 3560 gradus
546 3475 701 3560 quamvis
725 3474 865 3561 antiqua
888 3475 1098 3544 nobilitate.“

444 3635 534 3701 Olim
556 3636 677 3701 κελεύω
701 3635 736 3700 in
761 3636 910 3723 stropha,
935 3636 1088 3722 βαθρείας
1103 3635 1138 3700 in
1155 3635 1368 3721 antistropha
1393 3634 1495 3719 (quod
1512 3634 1610 3712 Tcdt,
1634 3658 1666 3720 p.
1687 3637 1737 3710 ll,
1761 3633 1853 3699 idem
1866 3635 1986 3698 statuit

286 3745 324 3788 ac
349 3724 482 3811 βάθρον,
507 3725 646 3819 gradus)
671 3725 820 3790 retinens
844 3735 1073 3790 tentaveram:

526 3847 580 3904 Str.
601 3855 708 3902 κελεύω
730 3855 789 3919 βίας
809 3870 839 3902 ca
858 3855 994 3916 μεθέσθαι

600 3931 665 3991 ἴχαρ
686 3929 767 3992 φρενί
785 3928 805 3972 τ’
827 3928 904 3974 ἄταν.

513 4027 582 4082 Ant.
602 4032 722 4100 ἀχρεῖος,
743 4035 835 4098 γέρον,
857 4034 1012 4098 βαθυχαῖος

603 4109 657 4166 egro
677 4123 708 4171 ys
727 4106 868 4170 βαθρείας.
889 4103 1014 4169 (ἀχρεῖος
1034 4097 1110 4154 idem
1128 4099 1204 4170 quod
1226 4106 1343 4168 ι’ἰποροςι
1370 4097 1438 4166 quid
1452 4114 1496 4150 mc
1511 4097 1615 4150 factam
1629 4102 1766 4164 nesciens,
1787 4101 1877 4166 inops
1898 4103 1983 4150 teueo

708 4171 823 4243 quidem
842 4189 907 4226 arae
926 4169 1054 4242 gradus.)

691 4301 766 4366 848.
785 4299 898 4365 Verba
922 4302 1049 4382 αἵμονες
1073 4298 1115 4375 ὡς
1138 4299 1275 4382 ἐπάμιδα

920 4389 1218 4473 η’συδουπιατοίπιτα,

431 4494 552 4578 quibus
575 4494 780 4580 respondent
803 4496 894 4577 (861)
919 4500 956 4558 ού
981 4495 1043 4558 δ’ἐν
1066 4497 1120 4559 ναί·
1142 4517 1193 4558 να-

918 4589 932 4647 ’ί
957 4585 1040 4670 βοίσχ
1064 4586 1149 4668 τάχα

920 4674 1034 4748 θέλεος
1057 4673 1202 4753 ἀθέλεος,
1227 4679 1295 4734 tres
1319 4669 1476 4752 dochmii,

444 4905 469 4973 ss)
490 4903 594 4958 Aesch.
613 4907 644 4956 in
663 4904 717 4957 hoc
736 4901 877 4958 vocabulo
890 4903 1024 4957 Jcnicam
1048 4900 1202 4956 flexionem
1223 4908 1338 4955 secutus
1359 4900 1473 4953 videtur
1492 4917 1562 4965 esse,
1584 4917 1609 4959 v.
1625 4899 1850 4968 Ullmann.pa1s
1864 4899 1885 4954 Ι.
1902 4917 1926 4968 μ.
1941 4901 1982 4964 ⁴28,

282 4974 359 5046 quod
376 4980 475 5028 tamen
492 4993 552 5029 uon
570 4979 613 5029 ita
631 4982 754 5043 constat,
774 4981 807 5028 ut
827 4981 934 5044 βρετωι·
952 4976 1038 5028 scribi
1057 4982 1188 5044 nequeat.

443 5082 487 5153 θ’θ’)
506 5081 551 5135 De
570 5087 633 5156 ἴχαρ
652 5083 793 5139 vocabulo
813 5099 840 5138 ν.
854 5081 947 5148 Τοιίύ,
966 5081 1002 5135 de
1022 5079 1167 5152 Aeschylo
1187 5080 1391 5136 vocabulorum
1409 5084 1568 5149 inventore,
1586 5078 1673 5132 Helle
1695 5081 1762 5131 1855
1781 5096 1807 5147 p.
1822 5081 1845 5134 3.

1772 5189 1787 5238 —l
