4122 5792
486 1310 634 1432 Abhinc
664 1363 794 1450 aliquot
820 1385 927 1430 annos
957 1365 1277 1432 commentationem
1300 1365 1341 1430 de
1365 1366 1527 1454 Aeschyli
1551 1367 1768 1456 Supplioibus
1795 1369 1996 1440 institueran

319 1453 355 1520 in
379 1475 448 1540 qna
468 1451 584 1520 fabula
606 1475 683 1520 cum
708 1451 751 1519 ob
774 1452 944 1540 insignem
959 1453 1140 1521 verborum
1164 1453 1366 1521 brevitatem
1387 1463 1421 1521 at
1441 1456 1617 1524 audaciam
1631 1457 1832 1528 difficillima
1854 1467 1928 1526 turn
1951 1483 1996 1528 οοι

319 1541 515 1635 inpiissime
537 1541 664 1608 tradita
686 1541 778 1608 locos
801 1549 837 1608 et
859 1543 1071 1610 obscuriores
1094 1549 1129 1610 et
1151 1544 1347 1631 desperatos
1370 1552 1537 1631 quantum
1556 1569 1691 1634 possem
1705 1547 1762 1615 vel
1782 1548 1951 1616 illustrare
1966 1573 1996 1616 vv

320 1631 498 1698 emendare
521 1631 700 1698 consilium
722 1631 874 1701 inieram.
901 1632 902 1636 ’
923 1633 990 1698 Sed
1013 1631 1128 1698 variae
1155 1633 1348 1700 inciderunt
1374 1642 1565 1722 temporum
1589 1658 1723 1721 causae,
1748 1637 1870 1724 quibus
1894 1638 1938 1704 ab
1960 1645 1996 1704 hs

249 1711 266 1742 ⁸
320 1743 422 1809 opera
444 1742 614 1790 avocarer.
661 1719 812 1787 Tandem
841 1743 917 1788 cum
946 1722 988 1788 ad
1011 1721 1096 1788 haec
1119 1722 1233 1789 studia
1256 1721 1406 1790 animum
1430 1723 1648 1810 reflecterem,
1680 1727 1799 1804 multa,
1824 1749 1909 1809 quae
1932 1749 1996 1794 con

319 1817 491 1877 mentatus
515 1832 617 1893 eram,
648 1816 839 1898 praecepta,
870 1810 1034 1878 nonnulla
1065 1811 1260 1878 melioribus
1288 1812 1332 1879 ad
1355 1835 1480 1879 vanum
1502 1813 1640 1880 redacta
1661 1815 1733 1882 vidi
1756 1838 1776 1881 a
1799 1815 1996 1882 Weckleini

319 1899 471 1988 principe
494 1899 554 1967 illo
576 1899 611 1966 in
632 1899 754 1966 studiis
770 1900 970 1988 Aeschyleis
986 1900 1070 1986 viro,
1094 1899 1243 1968 editione
1265 1900 1368 1988 hujus
1391 1901 1527 1968 fabulae
1549 1903 1686 1970 interim
1709 1905 1892 1994 proposita,
1901 1909 1930 1991 *)
1955 1928 1996 1972 no

318 1991 428 2056 solum
451 1988 652 2077 dignissima
675 1989 796 2056 studiis
820 1989 894 2077 ejus
918 1989 954 2056 in
976 1995 1105 2056 ceteras
1128 1989 1259 2057 fabulas
1275 1990 1417 2075 collatis,
1442 1991 1502 2057 sed
1526 2015 1612 2078 quae
1636 1994 1807 2059 cumulum
1831 1993 1878 2060 eis
1902 1995 1996 2062 affen

316 2079 502 2148 videretur.
547 2077 676 2146 Verum
706 2085 823 2146 tamen
853 2078 1092 2166 relinquuntur
1122 2079 1225 2146 etiam
1256 2086 1336 2168 post
1366 2080 1460 2148 illam
1489 2081 1555 2147 loci
1574 2081 1795 2148 'obscuriores
1827 2083 1996 2170 ambiguiv

316 2168 408 2238 haud
429 2167 539 2256 pauci,
567 2167 706 2236 minime
735 2167 846 2236 adhuc
874 2168 1034 2256 expediti,
1063 2168 1185 2255 quibus
1214 2169 1421 2257 explicandis
1450 2177 1510 2236 aut
1538 2171 1758 2237 emendandis
1782 2194 1918 2260 operam
1943 2173 1996 2239 dar

315 2279 385 2326 non
411 2257 615 2328 temeritatis
644 2257 856 2344 arguendum
885 2257 939 2327 sit.
986 2258 1060 2323 Hac
1088 2264 1219 2324 ratione
1247 2272 1358 2326 motus
1386 2260 1560 2346 complura
1583 2283 1625 2326 ex
1652 2259 1711 2338 eis,
1742 2283 1828 2347 quae
1855 2262 1996 2350 prioribr

317 2370 360 2414 ex
395 2346 519 2416 studiis
553 2345 638 2414 meis
673 2351 748 2413 orta
781 2354 888 2431 erant,
924 2347 1076 2435 proferre
1106 2347 1256 2416 animum
1284 2347 1412 2416 induxi.
1461 2348 1618 2416 Ceterum
1643 2349 1809 2416 monitum
1833 2353 1922 2436 volo,
1954 2373 1996 2418 no

316 2436 439 2515 omnia,
468 2458 556 2523 quae
582 2435 762 2524 proferam,
795 2458 835 2502 ea
864 2436 1022 2524 opinione
1056 2459 1110 2503 me
1144 2444 1291 2525 captum'
1312 2438 1427 2515 edere,
1463 2439 1563 2526 plane
1593 2439 1769 2526 explorata
1796 2446 1831 2506 et
1860 2440 1904 2507 ab
1931 2463 1996 2507 orm

316 2525 530 2593 dubitatione
552 2531 683 2594 remota
705 2547 789 2610 esse,
813 2526 874 2591 sed
897 2525 1004 2613 ipsius
1020 2525 1224 2592 Weckleinii
1247 2527 1409 2614 exemplo,
1434 2527 1492 2613 qui
1515 2529 1558 2594 ad
1581 2528 1791 2595 tolerabilem
1813 2529 1996 2596 intellectu]

316 2614 531 2686 efficiendum
554 2615 646 2684 haud
669 2635 780 2702 pauca
801 2616 837 2680 in
860 2615 924 2682 hac
948 2615 1089 2702 aliisque
1112 2616 1148 2682 in
1171 2615 1307 2700 fabulis,
1336 2616 1365 2682 si
1388 2616 1455 2682 alia
1477 2616 1645 2683 medicina
1668 2617 1856 2702 deficiebat,
1885 2619 1996 2685 liberis

316 2703 473 2792 conjecit,
498 2703 546 2771 sic
568 2704 603 2770 id
627 2725 728 2792 saepe
751 2727 805 2774 me
830 2705 941 2792 egisse
965 2704 1114 2790 satisque
1130 2705 1299 2784 habuisse,
1323 2712 1363 2772 nt
1385 2705 1533 2790 meliore,
1558 2729 1659 2793 quam
1676 2729 1762 2793 quae
1776 2730 1868 2774 nunc
1882 2708 1996 2776 invent

315 2800 415 2879 esset,
439 2793 609 2864 sententia
632 2793 852 2882 proponenda
874 2794 967 2861 viam
989 2795 1215 2883 patefacerem
1238 2795 1280 2860 ad
1304 2816 1417 2861 veram
1445 2801 1505 2863 ant
1527 2817 1608 2862 vero
1630 2796 1819 2883 proximam
1842 2797 1996 2864 lectionar

313 2883 480 2971 paulatim
508 2883 764 2970 assequendam.
811 2887 899 2950 Sunt
927 2883 1041 2967 etiam,
1070 2883 1194 2970 quibus
1223 2889 1283 2950 ant
1310 2883 1550 2952 difficultatem
1580 2907 1700 2972 parum
1732 2885 1844 2952 adhuc
1870 2885 1996 2952 animai

314 2993 449 3042 versam
471 2973 635 3044 denotare
656 2980 718 3039 aut
739 2973 845 3040 verba
861 2973 1025 3060 quaedam
1043 2972 1214 3052 subtilius,
1237 2995 1339 3060 quam
1360 2973 1471 3040 adhuc
1486 2974 1623 3052 factum,
1647 2973 1827 3062 explicare,
1850 2997 1918 3042 non
1933 2998 1996 3044 nov

314 3063 434 3134 afferre
466 3061 570 3129 volui.
606 3061 777 3130 ¹Ceterum
806 3061 970 3149 quidquid
998 3063 1187 3150 profecero,
1224 3084 1299 3130 eam
1331 3061 1467 3130 veniam
1496 3085 1516 3129 a
1546 3063 1733 3150 legentium
1762 3064 1932 3147 aequitate
1966 3087 1996 3131 m

315 3150 577 3238 impetraturum
600 3173 709 3239 spero,
734 3171 837 3237 quam
859 3151 908 3218 rei
924 3151 1057 3218 difficili
1073 3151 1187 3218 deberi
1202 3152 1408 3239 Protagoras
1424 3153 1516 3242 apud
1530 3152 1709 3219 Platonem
1725 3157 1919 3238 auctorest,
1943 3176 1996 3221 cur

313 3240 400 3308 dicit
418 3248 465 3329 (p.
489 3243 565 3370 3Ξᾶ
590 3242 649 3329 Α);
679 3241 749 3308 Κάν
774 3243 800 3306 εί
828 3242 933 3327 ὀλίγον
957 3243 1020 3306 ἔστι
1042 3265 1085 3319 τις
1109 3245 1190 3319 ὅστις
1213 3244 1257 3321 εἰς
1280 3243 1404 3327 ἀρετὴν,
1434 3241 1604 3308 substituo
1633 3244 1788 3330 μάθησιν,
1824 3245 1996 3332 κροβιβιίοε

314 3332 543 3418 ἀγαπητόν.*)

473 3479 503 3524 v.
524 3463 550 3523 l.
591 3456 669 3533 Ζεὺς
692 3457 833 3542 ἀφίκτωρ
858 3455 939 3542 quid
962 3455 1007 3520 sit
1029 3455 1163 3521 facilius
1185 3456 1361 3522 intellectu
1385 3477 1487 3543 quam
1510 3457 1681 3544 explicatu
1704 3464 1764 3525 ast.
1805 3458 1892 3524 Nam
1915 3456 1996 3542 sign:

313 3545 406 3611 ficet:
437 3545 628 3635 supplicum
661 3565 807 3634 praeses.
854 3543 971 3611 Simila
999 3552 1052 3610 est
1080 3545 1159 3622 Ζεὺς
1186 3545 1277 3632 ίκτήρ
1306 3568 1338 3612 v.
1369 3549 1435 3616 478
1463 3553 1497 3611 et
1524 3567 1578 3635 ap.
1608 3546 1712 3634 Soph.
1740 3546 1860 3632 Antig.
1888 3568 1921 3612 v.
1953 3548 1996 3613 65

315 3633 393 3711 Ζεὺς
416 3633 564 3721 ξύναιμος
594 3640 707 3700 custos
735 3634 1074 3720 consanguineorum.
1120 3637 1159 3698 V.
1183 3634 1395 3720 interpretes.
1442 3634 1509 3702 Sed
1538 3636 1706 3722 quomodo
1734 3635 1796 3702 hic
1812 3657 1893 3701 usus
1916 3641 1996 3703 natu

314 3722 387 3787 est?
425 3723 514 3792 Nam
538 3723 683 3811 simplex
709 3729 795 3790 ratio
819 3724 1020 3811 genetivum
1043 3724 1203 3812 postulat.
1238 3724 1437 3790 Dettweiler
1457 3724 1499 3790 de
1519 3723 1674 3791 liberiore
1693 3747 1758 3791 usu
1773 3724 1996 3805 adjectivorur

313 3813 583 3899 compositorum
613 3835 663 3894 ap.
698 3813 908 3900 Aeschylum
942 3819 1066 3901 (progr.
1102 3827 1217 3900 gymn.
1249 3812 1438 3879 Giessensis
1477 3815 1663 3894 1881-82)
1703 3813 1819 3880 multis
1854 3815 1996 3902 exempli

313 3899 469 3984 probavit
503 3901 711 3989 adjectivum
746 3901 913 3969 attribute
946 3902 1096 3990 positum
1130 3902 1221 3968 idem
1255 3924 1355 3990 saepe
1379 3909 1491 3970 valere
1514 3905 1604 3990 quod
1634 3903 1833 3992 genetivum
1863 3903 1996 3990 ejusden

314 3987 536 4075 substantivi,
571 3999 611 4058 ut
645 3992 752 4058 κλόνοι
782 3991 992 4079 ίππιοχάρμαι
1019 3991 1107 4057 idem
1133 3992 1177 4057 sit
1203 3991 1293 4074 quod
1322 3993 1429 4060 κλίναι
1454 3993 1675 4082 ἱππιοχαρμῶν
1700 3996 1745 4081 (p.
1770 3996 1791 4060 6
1814 3995 1887 4078 sq.)‚
1911 3993 1996 4060 cursi

312 4077 458 4147 tationes
482 4102 523 4146 ex
554 4102 639 4166 equo
669 4079 908 4170 pugnantium,
945 4083 1065 4167 αἵματα
1088 4081 1280 4169 εὐθκήοιμαε
1316 4103 1449 4148 cruores
1484 4084 1581 4148 facile
1615 4082 1846 4165 morientium
1882 4085 1996 4168 ὅμαιμο

312 4169 408 4253 φόνος
430 4169 672 4256 consanguinei
695 4170 825 4253 caedes,
848 4193 909 4236 nec
932 4191 1009 4236 eum
1032 4191 1133 4236 usum
1156 4172 1236 4236 solis
1258 4170 1452 4258 compositis
1469 4171 1644 4256 contineri,
1669 4173 1728 4238 sed
1752 4171 1854 4237 etiam
1876 4171 1996 4236 adsim

310 4255 412 4344 plicia
427 4258 575 4339 extendi,
598 4259 694 4326 velut
715 4259 908 4346 ἀσπίστορας
930 4259 1064 4338 κλόνους
1084 4283 1118 4326 τε
1141 4263 1195 4326 καί
1217 4260 1391 4348 λογχίμους
1413 4281 1531 4326 sonare
1547 4261 1682 4327 turbam
1703 4259 1888 4327 confertam
1905 4260 1996 4348 elipe

311 4354 346 4412 et
369 4347 469 4414 hasta
492 4354 710 4432 armatorum,
734 4371 879 4436 eumque
894 4371 993 4415 usum
1012 4347 1128 4437 potius
1144 4372 1185 4415 ex
1200 4355 1323 4415 natura
1345 4347 1508 4436 adjectivi
1523 4373 1600 4417 cnm
1622 4349 1783 4438 genetivo
1806 4349 1996 4416 snbstantiv

310 4436 449 4523 cognati
471 4437 596 4525 repetit
618 4458 721 4523 qnam
744 4460 786 4503 ex
804 4459 928 4526 genere
944 4439 993 4504 rei
1017 4437 1246 4523 (substantivo
1270 4442 1460 4526 expressae)
1484 4461 1647 4527 personae
1661 4460 1803 4505 numero
1825 4438 1996 4505 habendae

310 4547 411 4612 qnam
434 4525 763 4613 personificationem
783 4535 917 4612 vocant,
941 4535 981 4594 ut
1004 4528 1206 4614 quibusdam
1224 4529 1278 4612 (cf.
1295 4551 1328 4615 p.
1345 4531 1376 4610 3,
1398 4551 1433 4616 p.
1451 4529 1483 4606 7)
1504 4529 1641 4616 placuit.
1674 4529 1771 4594 Hanc
1794 4528 1961 4595 rationem
1983 4551 1996 4595 s

309 4616 353 4681 ad
389 4615 530 4702 ἀφίκτωρ
566 4616 787 4700 conterimus,
822 4617 916 4683 valet
948 4616 1033 4682 illud
1067 4616 1264 4700 genetivum
1298 4616 1460 4683 abstracti
1489 4617 1635 4684 nominis
1664 4617 1772 4704 ἄφιξις,
1808 4617 1898 4684 sicut
1919 4618 1996 4705 ίκτήφ

309 4704 454 4772 nominis
478 4705 602 4792 ἱκετεία,
632 4711 672 4771 ut
695 4705 773 4784 Ζεὺς
803 4705 943 4791 ἀφίκτωρ
973 4706 1018 4771 sit
1042 4706 1177 4791 ἀφίξεως
1199 4706 1285 4784 Ζεὺς,
1316 4707 1406 4791 ἱκτήρ
1437 4707 1482 4771 sit
1505 4707 1645 4793 ἱκετείας,
1675 4729 1719 4776 sc.
1742 4706 1905 4794 luppiter
1932 4729 1997 4795 sup

469 4902 496 4968 ⁹⁶)
516 4899 676 4973 Aeschylos
693 4902 751 4958 Die
768 4898 1036 4968 Schntcflehenden
1056 4902 1185 4974 Leipzig,
1203 4900 1238 4958 B.
1251 4903 1284 4956 G.
1298 4903 1430 4958 Teubner
1452 4903 1527 4959 1902.

468 5011 509 5075 ²³¹³)
526 5009 562 5064 In
580 5007 770 5062 numerandis
788 5001 920 5065 versibus
938 5006 1084 5068 Dindorfii
1102 5007 1260 5065 editionem
1278 5012 1394 5064 secutus
1413 5023 1477 5064 sum
1497 5018 1613 5086 propter
1630 5010 1744 5066 lexicon
1759 5009 1953 5081 Aeschyleum
1971 5009 1996 5064 al

306 5077 407 5138 eodem
425 5083 543 5143 auctore
560 5079 680 5144 editum·

1797 5188 1830 5242 1*
